4487 6316
985 534 1101 589 xvt

798 695 1011 758 nempe
1062 678 1331 740 lncreata
1368 677 1674 758 Sapientia
1697 721 1715 755 ,
1768 675 1990 757 partim
2036 674 2332 746 instituit,
2378 684 2561 755 atque
2602 670 2870 749 edocuitg
2917 670 3139 759 partim
3181 674 3322 741 aliis
3369 676 3764 743 instituendos
3816 691 3999 765 atque

796 770 1124 832 edocendos
1158 772 1397 833 vicaria
1423 778 1709 852 potestate
1731 768 2050 831 commisit.

914 864 1227 926 Praeterea
1257 865 1307 926 si
1342 873 1569 927 veteres
1595 864 1735 926 illae
1778 864 2231 936 caeremoniae,
2279 881 2432 944 quas
2474 864 2696 927 Paulus
2722 865 2985 945 appellat
3009 867 3174 928 nuda
3218 876 3277 928 et
3318 888 3505 949 egena
3545 869 3839 933 elementa
3866 917 3883 945 ,
3930 872 3999 934 in

793 957 1018 1039 quibus
1042 958 1169 1020 sola
1200 959 1497 1037 quaedam
1539 958 1761 1039 species
1785 966 1915 1020 erat
1954 958 2217 1019 exterior
2260 955 2602 1020 Sanctitatis
2626 1003 2644 1032 ,
2681 975 2957 1038 quaeque
2992 968 3164 1021 erant
3192 980 3226 1021 a
3255 960 3492 1023 Christo
3527 963 3785 1025 Domino
3820 966 4003 1027 abro-

791 1050 1022 1132 gandae
1044 1097 1062 1124 ,
1092 1051 1311 1113 multos
1336 1050 1769 1134 Hierosolymis
1800 1097 1818 1125 ,
1847 1059 2029 1132 atque
2050 1051 2198 1113 adeo
2226 1050 2292 1111 in
2326 1052 2552 1113 Iudaea
2576 1051 2858 1113 universa
2882 1052 3149 1113 habuere
3179 1053 3380 1129 ludos,
3408 1055 3473 1115 in
3501 1056 3724 1136 quibus
3752 1057 4000 1119 Levitici

791 1143 1027 1225 generis
1057 1144 1455 1206 adolescentes
1477 1144 1555 1207 ad
1588 1164 1756 1207 sacra
1799 1145 2008 1207 munia
2051 1144 2383 1207 exercenda
2418 1144 2927 1218 informare-tun
2954 1155 3182 1226 quanto
3225 1148 3476 1228 aequius
3502 1148 3648 1223 fuit,
3685 1159 3753 1212 ut
3786 1152 4006 1213 nostris

794 1237 1032 1300 Ritibus
1064 1239 1253 1301 multo
1283 1238 1805 1301 excellentioribus
1831 1239 1977 1321 (qui
2001 1238 2342 1302 Catholicae
2366 1239 2696 1321 Religionis
2719 1249 2918 1320 partes
2950 1250 3092 1302 sunt
3113 1287 3128 1314 ‚
3155 1250 3336 1321 atque
3362 1255 3715 1307 ornamenta
3735 1292 3751 1320 ,
3781 1246 4008 1327 quibus

792 1350 935 1394 vera
956 1332 1248 1395 Sanctitas
1279 1332 1462 1407 inest3
1492 1333 1597 1415 qui
1626 1333 1674 1394 si
1713 1332 1912 1395 minus
1944 1352 2182 1408 omnes,
2213 1341 2276 1395 at
2320 1341 2479 1395 certe
2520 1334 2796 1415 plerique
2826 1379 2841 1406 ,
2880 1344 2940 1396 et
2972 1355 3207 1415 semper
3232 1335 3429 1398 adhuc
3464 1339 3677 1400 retenti
3724 1347 3864 1401 sunt
3891 1386 3908 1414 ,
3941 1348 4004 1403 et

792 1444 1106 1507 nunquam
1142 1447 1274 1509 ¹non
1314 1427 1759 1509 retinebuntur)
1798 1428 2041 1509 publica
2068 1427 2276 1508 aliqua
2307 1426 2716 1508 assignaretur
2750 1425 3000 1500 Schola3
3043 1428 3108 1488 in
3153 1448 3274 1509 qua
3318 1429 3430 1511 ipsi
3467 1441 3628 1494 certo
3661 1433 3875 1494 ordine
3908 1433 4004 1495 di-

789 1521 1063 1594 stributi,
1091 1528 1273 1602 atque
1297 1521 1374 1584 ad
1399 1530 1589 1584 certas
1621 1522 1833 1583 classes
1865 1522 2087 1584 redacti
2133 1521 2487 1601 disciplinae
2513 1521 2771 1601 speciem
2792 1567 2809 1595 ,
2846 1541 2916 1584 ac
2961 1522 3217 1584 formam
3245 1523 3566 1587 induerent
3585 1529 3614 1587 ‘l
3657 1527 3876 1608 Exigui
3925 1547 4004 1588 ne

790 1611 1013 1675 eisdem
1045 1613 1276 1676 definiti
1310 1625 1452 1677 sunt
1473 1615 1624 1677 fines
1644 1619 1673 1677 ‘l
1713 1616 1898 1678 immo
1934 1635 2078 1677 vero
2110 1615 2494 1696 amplissimi.
2545 1617 2637 1676 An
2668 1635 2885 1695 parum
2923 1615 3081 1676 inter
3106 1637 3169 1677 se
3195 1616 3299 1678 alii
3334 1618 3413 1680 ab
3448 1619 3587 1680 aliis
3612 1620 4002 1700 discrepant?

790 1707 975 1769 immo
1000 1729 1143 1771 vero
1171 1709 1522 1790 plurimum.
1561 1712 1654 1771 An
1691 1708 1959 1792 Magistri
1988 1728 2263 1789 operam,
2295 1708 2792 1791 diligentiamque
2828 1728 2951 1770 non
2987 1711 3345 1790 requirunt?
3384 1712 3568 1774 immo
3599 1734 3744 1777 vero
3779 1717 4003 1778 Docto-

790 1801 874 1862 ris
893 1848 911 1877 ,
941 1803 1048 1883 qui
1080 1823 1291 1865 eorum
1321 1804 1616 1888 originem
1659 1805 2021 1878 excusserit,
2051 1804 2298 1866 Patrum
2333 1801 2606 1865 instituta
2639 1803 2994 1884 cognoverit
3022 1849 3038 1876 ,
3072 1803 3411 1866 traditionis
3433 1804 3746 1867 veritatem
3772 1828 3999 1889 expen-

786 1895 944 1959 derit
966 1943 982 1971 ,
1018 1905 1199 1979 atque
1223 1899 1460 1961 eosdem
1494 1900 1651 1981 ipsos
1683 1900 1761 1959 ab
1784 1897 2203 1980 impurissimis
2235 1900 2605 1959 Novatorum
2639 1894 2996 1970 fraudibus,
3033 1897 3382 1970 calumniis,
3424 1900 3820 1981 convitiisque
3863 1902 4001 1963 vin-

786 1988 986 2052 dicare
1018 1988 1310 2053 didicerit.
1349 1993 1558 2073 Neque
1581 1992 1745 2054 enim
1779 1991 2024 2054 illorum
2057 1990 2228 2053 furor
2261 2010 2334 2053 eo
2359 1997 2674 2053 contentus
2707 1988 2824 2051 fuit
2843 2035 2860 2064 ,
2897 1999 2968 2052 ut
3000 1990 3205 2053 omnia
3239 1991 3364 2052 fere
3397 1992 3700 2055 Catholica
3728 1996 4006 2077 dogmata

786 2085 1188 2161 convelleret,
1217 2086 1320 2149 sed
1345 2086 1527 2149 etiam
1552 2106 1624 2148 eo
1651 2086 1984 2148 dementiae
2019 2103 2365 2167 progressus
2399 2092 2531 2159 est,
2567 2094 2637 2146 ut
2672 2084 2884 2146 Sacros
2925 2085 3098 2147 Ritus
3147 2086 3398 2148 omnino
3440 2086 3778 2150 rescindere
3825 2110 4009 2153 cona-

786 2188 973 2242 retur.
1010 2183 1211 2243 Testes
1251 2181 1487 2263 appello
1519 2201 1728 2243 eorum
1755 2180 2117 2261 Coriphaeos
2144 2179 2478 2240 Lutherum
2505 2225 2523 2253 ,
2573 2186 2635 2240 et
2686 2178 3059 2255 Calvinum3
3117 2199 3379 2260 quorum
3412 2181 3566 2243 alter
3609 2191 3816 2246 contra
3867 2184 4004 2246 Bri·

788 2274 1029 2336 tanniae
1055 2276 1277 2357 Regem
1302 2274 1597 2349 scribens,
1626 2274 1958 2337 Catholicos
1992 2280 2079 2335 tot
2110 2273 2432 2335 Sacrorum
2460 2272 2712 2335 Rituum
2746 2273 2895 2354 jugo
2927 2282 3202 2354 suscepto
3232 2274 3530 2337 amentiae
3560 2294 3630 2337 ac
3663 2276 4007 2339 stoliditatis

784 2375 1052 2429 accusat:
1081 2367 1234 2430 alter
1266 2368 1425 2449 ipsos
1453 2369 1623 2430 Ritus
1654 2367 1907 2448 ineptias
1925 2413 1941 2441 ,
1978 2365 2358 2428 histrionicas
2383 2385 2481 2428 res
2509 2411 2526 2439 ,
2565 2373 2852 2446 actusque
2881 2365 3163 2427 scurriles
3187 2367 3539 2448 compellat3
3575 2369 3637 2430 in
3672 2389 3795 2450 quo
3824 2390 3860 2431 a
3899 2390 4006 2432 ve-

790 2468 985 2521 terum
1008 2461 1495 2535 naereticorum,
1521 2460 1673 2523 idest
1700 2479 1738 2523 a
1766 2462 2089 2523 Parentum
2123 2480 2370 2521 suorum
2405 2458 2675 2521 moribus
2703 2477 2826 2519 non
2861 2457 3203 2533 discedunt3
3233 2479 3494 2539 qnorum
3523 2461 3657 2536 alii,
3694 2470 3765 2524 ut
3805 2462 4004 2525 Mani-

790 2554 991 2630 chaei,
1021 2554 1394 2630 Donatistae,
1429 2565 1611 2637 atque
1643 2554 1889 2629 Ariani,
1926 2555 2174 2617 testibus
2199 2553 2570 2626 Athanasio,
2621 2551 2992 2635 Augustino,
3026 2559 3088 2613 et
3118 2553 3369 2633 Optato,
3406 2563 3615 2618 contra
3641 2556 3903 2632 Altaria,
3939 2566 4002 2621 et

791 2667 959 2713 sacra
984 2669 1127 2713 vasa
1159 2650 1386 2713 bellum
1418 2658 1756 2734 gesserunt;
1792 2649 1933 2724 alii,
1977 2657 2047 2711 ut
2092 2649 2401 2731 Pelagiani
2430 2694 2447 2722 ,
2489 2656 2551 2710 et
2587 2646 3018 2728 Vigilantiam,
3067 2655 3309 2709 auctore
3350 2649 3725 2732 Hieronymo
3747 2697 3763 2725 ,
3803 2669 4000 2714 sacras

792 2751 982 2805 vestes
1007 2789 1024 2818 ,
1060 2753 1241 2825 atque
1272 2744 1584 2807 universas
1628 2742 2044 2806 Caeremonias
2078 2740 2347 2804 insectati
2397 2750 2538 2805 sunt
2564 2763 2580 2815 ς
2616 2741 2721 2803 alii
2750 2741 3042 2821 denique,
3076 2749 3147 2803 ut
3178 2742 3594 2804 Petrobusiani
3628 2753 3810 2825 atque
3851 2745 4001 2808 Val-

791 2836 1032 2912 denses,
1061 2839 1157 2902 vel
1192 2838 1318 2920 ipsa
1346 2840 1665 2901 Sacrorum
1698 2838 1928 2900 rituum
1964 2837 2210 2900 nomina
2259 2845 2547 2918 tanquam
2593 2835 2886 2898 veneficia
2909 2881 2926 2909 ,
2963 2843 3145 2917 atque
3192 2836 3626 2899 incantationes
3643 2883 3660 2911 ,
3713 2840 4001 2902 narrante

791 2931 1098 3007 Caesario,
1126 2934 1428 2995 Matthaeo
1462 2931 1765 3007 Parisino,
1801 2940 1982 3012 atque
2015 2932 2202 2993 AEnea
2222 2930 2413 2994 Silvio
2439 2978 2455 3006 ,
2490 2931 2987 3012 perhorruerunt.
3016 2932 3123 2994 Est
3149 2931 3334 3013 igitur
3353 2951 3570 3013 operae
3601 2933 3893 3013 pretium,
3931 2941 4002 2996 ut
4075 2993 4079 2998 .

792 3026 1295 3105 quemadmodum
1321 3029 1398 3089 ad
1426 3026 1645 3089 tuenda
1678 3026 1982 3089 Catholica
2013 3027 2305 3107 Dogmata
2331 3025 2649 3106 praecipua
2675 3023 2973 3103 quaedam
2999 3022 3313 3105 disciplina
3341 3026 3671 3099 incumbit,
3702 3026 3785 3087 sic
3818 3027 4001 3088 etiam

792 3119 882 3194 ad,
901 3120 1109 3183 Sacros
1131 3122 1303 3184 Ritus
1334 3120 1733 3183 defendendos
1765 3118 2085 3202 peculiaris
2109 3117 2406 3200 quaedam
2439 3118 2677 3180 insudet
2705 3116 2975 3198 facultas.
3006 3116 3168 3192 Quid
3196 3117 3405 3179 enim‘l
3445 3118 3532 3179 illi
3562 3118 3626 3180 in
3650 3137 3750 3180 eos
3777 3138 3995 3201 magna

795 3215 1123 3278 temeritate
1146 3217 1485 3278 incurrent:
1515 3216 1636 3276 Nos
1657 3232 1766 3295 pro
1787 3212 1862 3274 iis
1878 3212 2265 3274 defendendis
2287 3211 2477 3285 nullo,
2507 3211 2683 3272 modo
2706 3209 3174 3291 praeliabimur‘l
3206 3210 3303 3271 Illi
3326 3231 3536 3272 eorum
3563 3211 3999 3274 institutionem

793 3305 1082 3388 impietati
1106 3310 1481 3394 adjudicent:
1516 3309 1637 3370 Nos
1661 3328 1795 3370 eam
1819 3326 1855 3369 a
1882 3304 2100 3386 pietate
2127 3302 2453 3385 profectam
2495 3325 2621 3366 esse
2647 3324 2769 3366 non
2816 3303 3296 3366 declarabimus?
3333 3305 3430 3366 Illi
3462 3306 3613 3367 nihil
3645 3306 3707 3367 in
3737 3306 3841 3380 iis,
3879 3307 3997 3368 nisi

793 3402 1075 3480 stultum,
1110 3413 1290 3487 atque
1311 3404 1569 3487 impium
1601 3401 1891 3467 contineri
1918 3407 2217 3484 pugnent:
2248 3400 2368 3462 Nos
2399 3399 2605 3462 abdita
2638 3397 2703 3459 in
2737 3396 2863 3458 illis
2890 3397 3178 3460 Coelestia
3210 3398 3498 3480 Mysteria
3530 3419 3765 3480 semper
3785 3399 4000 3462 delite-

795 3516 957 3561 scere
982 3500 1285 3563 sinemus?

913 3596 1033 3658 Nec
1061 3616 1204 3659 vero
1238 3588 1388 3660 mihi
1421 3594 1716 3681 objiciatis
1746 3591 2063 3657 Auditores
2088 3640 2104 3669 ,
2141 3587 2352 3656 Sacros
2400 3591 2571 3654 Ritus
2613 3585 2958 3671 hujusmodi
3015 3606 3136 3649 non
3184 3605 3310 3650 esse
3332 3634 3348 3660 ‚
3396 3594 3468 3650 ut
3514 3588 3591 3650 ad
3631 3587 3996 3669 peculiarem

796 3692 1121 3773 quamdam
1146 3692 1522 3774 disciplinam
1548 3691 1738 3774 redigi
1770 3689 2015 3773 possint.
2046 3690 2199 3750 Nam
2227 3688 2278 3749 si
2306 3695 2547 3749 auctore
2578 3664 2914 3755 Aristotele,
2940 3702 3008 3744 ac
3025 3682 3085 3743 S.
3117 3682 3370 3744 Th0ma:
3395 3682 3716 3763 Disciplina
3741 3694 3818 3744 cst
3845 3694 3998 3745 certa

796 3804 989 3845 rerum
1015 3796 1065 3846 ct
1097 3788 1473 3864 coqnitionwn
1505 3786 1581 3846 ad
1613 3805 1792 3845 unum
1823 3785 1989 3867 finem
2014 3784 2260 3843 collectio
2281 3829 2297 3852 ,
2346 3779 2484 3862 quis
2515 3796 2788 3857 unquam
2821 3775 3056 3837 dubitet
3081 3819 3098 3848 ,
3139 3775 3290 3855 quin
3335 3773 3524 3837 multa
3576 3775 3656 3837 sit
3692 3775 3757 3837 in
3802 3777 4000 3838 Sacris

799 3877 1037 3940 Ritibus
1060 3877 1317 3942 varietas
1347 3925 1364 3953 ,
1392 3897 1583 3959 eaque
1604 3878 1680 3940 ad
1712 3896 1906 3939 unum
1941 3875 2145 3938 Divini
2201 3874 2398 3937 cultus
2419 3873 2607 3934 finem
2639 3871 2921 3933 collincet
2942 3872 2971 3930 ‘l
3020 3871 3098 3930 At
3144 3870 3307 3930 enim
3342 3889 3674 3949 numquam
3708 3869 3998 3931 hactenus

798 3972 864 4034 in
890 3973 1147 4054 publicis
1178 3973 1407 4035 Scholis
1430 3971 1883 4052 disciplinarum
1918 3989 2084 4032 more
2117 3968 2320 4032 traditi
2355 3977 2527 4041 sunt;
2551 3967 2695 4028 Esto
2716 3964 2818 4025 sed
2844 3963 2958 4025 hoc
2982 3964 3179 4043 ipsum
3200 3962 3335 4026 aliis
3365 3963 3545 4024 etiam
3568 3962 3829 4024 scientiis
3849 3961 3997 4024 olim

798 4068 1112 4153 contigisse
1135 4068 1487 4149 accepimus.
1525 4067 1680 4128 Nam
1713 4085 1834 4127 non
1869 4064 2063 4126 solum
2105 4062 2389 4144 profanas
2431 4059 2742 4122 facultates
2767 4102 2784 4130 ,
2830 4064 2900 4118 ut
2947 4057 3153 4118 Cicero
3184 4077 3358 4137 saepe
3399 4057 3995 4130 commemorat,'sed

799 4164 981 4225 etiam
1013 4183 1209 4225 sacras
1257 4161 1634 4242 disciplinas,
1669 4166 1739 4221 ut
1770 4179 1847 4221 ex
1887 4156 2302 4222 vetustissimis
2335 4153 2614 4217 Patribus
2663 4159 2928 4225 constat,
2966 4151 3176 4212 rudior
3209 4151 3315 4213 illa
3343 4151 3671 4230 antiquitas
3714 4151 3774 4211 in
3809 4169 3996 4212 unam

799 4260 1123 4340 quamdam
1156 4255 1493 4338 congeriem
1521 4253 1912 4335 permiscebat
1938 4273 1954 4325 3
1988 4270 2140 4331 quas
2163 4258 2362 4311 tamen
2390 4247 2788 4329 posteriorum
2817 4253 3153 4326 temporum
3179 4246 3546 4326 experientia
3579 4246 3827 4307 consilio
3861 4245 3997 4306 lon·

799 4373 872 4435 ge
898 4353 1131 4415 meliori
1167 4352 1231 4414 in
1265 4369 1402 4413 suas
1431 4348 1653 4431 species
1685 4346 2008 4408 distribuit.
2041 4346 2128 4407 Ne
2162 4345 2397 4427 longior
2430 4342 2576 4415 sim,
2613 4341 2817 4402 videre
2843 4340 2956 4401 hoc
2989 4339 3124 4401 licet
3150 4340 3212 4400 in
3237 4339 3558 4421 Theologia
3585 4340 3944 4401 Scholastica
3969 4385 3989 4410 ,

800 4448 1016 4510 Morali
1034 4495 1050 4523 ,
1079 4456 1260 4527 atque
1286 4444 1614 4516 Canonica,
1643 4461 1903 4522 quarum
1940 4440 2196 4520 primam
2226 4439 2331 4500 alii
2356 4438 2432 4500 ad
2467 4437 2528 4498 S.
2560 4436 2652 4497 Jo.
2693 4436 3124 4495 Damascenum
3152 4453 3289 4494 cum
3325 4433 3573 4514 Caesare
3605 4431 3859 4505 Bulaeo,
3885 4433 3992 4494 alii

801 4543 878 4605 ad
905 4543 965 4603 S.
998 4540 1347 4604 Anselmum
1379 4536 1868 4600 Cantuariensem
1895 4554 2032 4595 cum
2064 4531 2370 4594 Cardinali
2401 4533 2476 4594 de
2501 4530 2778 4613 Aguirre,
2805 4528 2908 4591 alii
2937 4527 3015 4590 ad
3040 4528 3357 4609 Trajonem
3378 4528 3992 4609 caesaraugustanum

799 4656 938 4697 cum
961 4632 1315 4710 Mabillonio
1343 4637 1641 4692 revocant.
1693 4627 2025 4690 Secundam
2056 4645 2264 4694 omnes
2289 4670 2306 4699 ,
2342 4626 2440 4688 vel
2486 4645 2524 4688 a
2550 4625 2610 4685 S.
2650 4622 3009 4705 Raymundo
3055 4621 3130 4682 de
3163 4620 3488 4704 Pennafort
3520 4667 3536 4694 ,
3571 4621 3667 4682 vel
3696 4641 3731 4682 a
3764 4621 3825 4681 S.
3866 4622 3992 4681 An-

803 4731 1010 4794 tonino
1032 4726 1369 4810 Florentiae
1392 4723 1849 4803 Archiepiscopo
1886 4721 2231 4793 discretam,
2269 4728 2450 4800 atque
2481 4718 2819 4781 ordinatam
2855 4714 3037 4777 fuisse
3071 4714 3296 4775 dicunt.
3332 4713 3595 4775 Tertiam
3642 4713 3914 4795 plerique
3956 4733 3994 4775 a

801 4824 1090 4887 Gratiano
1112 4820 1177 4881 in
1206 4826 1396 4881 certas
1426 4816 1637 4877 classes
1670 4814 1851 4876 fuisse
1873 4814 2255 4876 distributam
2288 4813 2576 4887 sentiunt,
2599 4810 2860 4893 exceptis
2895 4807 3290 4872 Decretalium
3319 4807 3511 4882 libris,
3541 4826 3694 4889 quos
3721 4809 3783 4869 in
3816 4827 3993 4868 suum

801 4917 1075 4980 ordinem
1098 4913 1159 4976 S.
1192 4908 1587 4994 Raymundus
1616 4907 1922 4990 digessisse
1950 4905 2320 4986 perhibetur.

920 5009 1098 5086 Quod
1124 5007 1173 5068 si
1216 5003 1457 5087 publica
1504 5002 1699 5064 Sacris
1748 5001 1985 5062 Ritibus
2010 5000 2226 5062 Schola
2259 5001 2582 5081 aperienda
2629 5009 2750 5073 ost,
2775 5008 2933 5060 certe
2978 4995 3150 5057 illam
3183 4996 3459 5075 nuspiam
3504 4994 3773 5077 gentium
3808 4994 3999 5075 magis

804 5111 1114 5172 denotasse
1146 5119 1331 5182 quam
1359 5099 1602 5159 Romae.
1634 5096 1789 5157 Nam
1815 5095 2399 5176 praeterquamquod
2422 5096 2552 5175 ejus
2577 5092 2758 5154 Urbis
2787 5089 3163 5172 potissimum
3194 5097 3284 5150 est
3314 5087 3751 5150 Ecclesiasticas
3781 5088 3997 5150 Caere-

805 5200 1037 5265 monias
1075 5192 1315 5277 publice
1361 5189 1626 5262 tradere,
1676 5189 1848 5271 cujus
1899 5194 1986 5248 est
2038 5207 2246 5250 veram
2295 5187 2667 5269 Religionem
2699 5185 2929 5266 ubique
2964 5184 3233 5276 gentium
3277 5182 3474 5257 tueri;
3523 5180 3672 5262 quid
3720 5183 3946 5244 Romae
3976 5226 3995 5254 ‚

806 5267 1039 5361 amaho'
1070 5307 1175 5353 vos
1201 5334 1217 5362 ,
1253 5284 1625 5348 desideratur
1649 5328 1667 5357 ,
1704 5281 1867 5362 quod
1900 5281 1978 5343 ad
2023 5280 2365 5363 hujusmodi
2393 5281 2672 5342 Scholam
2711 5287 2818 5341 aut
2843 5279 3087 5340 nomine
3133 5277 3552 5339 illustrandam
3580 5322 3596 5350 ,
3634 5285 3742 5338 aut
3778 5276 4001 5357 pietate

805 5388 1125 5454 fovendam
1150 5430 1166 5457 ,
1199 5390 1305 5445 aut
1334 5385 1622 5460 potestate
1653 5375 2158 5438 corroborandam
2192 5374 2537 5455 pertineat?
2572 5374 2734 5434 Num
2759 5371 3043 5451 frequens
3074 5370 3346 5431 omnium
3379 5370 3505 5431 fere
3537 5370 3855 5432 Sacrorum
3892 5372 4000 5434 Ri-

809 5493 982 5548 tuum
1025 5475 1508 5544 adhibendorum
1551 5469 1779 5534 occasio
1798 5472 1828 5530 ‘l
1877 5469 1953 5530 At
1996 5468 2095 5530 hic
2140 5474 2378 5549 praeter
2422 5467 2766 5531 Sacerdotes
2804 5464 3068 5527 minores
3091 5508 3108 5538 ,
3143 5464 3250 5546 qui
3300 5463 3625 5527 ordinariis
3671 5474 4001 5546 operantur
