4487 6316
1058 498 1163 550 282

2151 503 2464 558 DfflRETA
2502 506 2723 560 SAGM

871 666 994 709 non
1024 647 1158 709 dat·
1190 647 1388 709 locum
1438 643 1837 709 Ecclesiarum
1889 647 2353 709 consuetudini.
2387 650 2411 672 '
2467 679 2472 730 ι
2523 650 2797 722 nonicus,
2827 648 2927 711 sed
2958 658 3017 710 et
3059 647 3314 729 simplex
3339 649 3658 723 Sacerdos,
3706 659 3766 714 et
3810 659 4069 732 uterque

873 740 975 814 (In
1011 739 1195 803 cnoro
1234 739 1640 815 sedentibus.)
1690 740 2125 822 intelliguntur
2170 740 2278 821 qui
2312 742 2414 821 jus
2463 746 2472 823 j
2519 743 2701 804 etiam
2731 742 2793 803 in
2824 742 3002 805 Missa
3031 744 3307 824 privata:
3360 745 3644 825 competit
3668 743 3831 807 enim
3858 764 4065 808 coram

869 834 1112 898 sedendi
1143 834 1369 897 habent
1399 834 1462 895 in
1493 833 1676 896 choro
1703 844 1763 896 et
1788 834 2073 897 stallum:
2109 855 2227 915 pax
2246 835 2410 895 enim

866 929 1072 1004 stanti,
1099 936 1161 991 et
1181 949 1302 991 non
1328 930 1555 992 sedenti
1579 930 1779 994 danda
1799 938 1925 1003 est;
1961 929 2011 991 C
2011 950 2209 992 cerem.
2236 930 2404 1009 Epis.

870 1025 982 1083 tib.
1010 1029 1063 1085 1.
1087 1028 1341 1104 cujum.
1367 1044 1586 1084 numm
1621 1028 1679 1083 ’1.
1711 1024 1859 1085 Cum
1888 1022 2093 1084 osculo
2118 1022 2269 1086 viris
2297 1024 2410 1084 Ec—

2519 836 2767 897 Summo
2795 836 3083 899 Pontifice
3107 837 3171 898 in
3198 846 3318 899 tota
3341 837 3626 911 Ecclesia,
3655 839 3875 919 Legato
3892 838 4062 901 Sedis

2515 929 2888 1010 Apostolicae
2918 931 2982 992 in
3004 951 3112 993 sua
3136 931 3480 1012 Legatione,
3517 932 3922 1004 patriarchae,
3947 935 4056 993 Ar-

2514 1022 2910 1104 cbiepiscopo,
2938 1033 2999 1085 et
3024 1025 3315 1106 Episcopo
3339 1025 3401 1087 in
3423 1026 3548 1087 suis
3574 1026 3930 1115 Prowinciis,
3955 1026 4056 1087 Ci-

865 1119 1208 1181 clesiasticis
1251 1118 1793 1198 appropinquando
1836 1136 2085 1199 genam,
2135 1116 2219 1179 ita
2250 1124 2324 1177 ut·
2343 1135 2407 1178 se
2458 1112 2466 1202 Ι
2514 1116 2828 1190 vitatibus,
2856 1126 2916 1179 et
2934 1118 3282 1180 Diocesibus
3302 1119 3702 1182 reverentiam
3733 1119 3928 1182 facere
3946 1139 4054 1182 an-

863 1214 1123 1275 invicem
1156 1213 1368 1275 leviter
1397 1221 1675 1295 tangant.
1714 1213 1906 1274 Laicis
1929 1232 2093 1285 vero,
2125 1212 2262 1274 licet
2282 1212 2408 1274 Ma-
2456 1211 2465 1297 1
2514 1210 3054 1273 tebeuedictionem
3080 1211 3143 1273 in
3169 1212 3291 1274 fine
3311 1213 3549 1287 Missae,
3569 1222 3711 1276 ante
3730 1214 4053 1276 lutmitum

859 1307 1164 1389 gistratus,
1195 1309 1478 1380 Barones,
1506 1316 1567 1369 et
1588 1306 1831 1368 Nobiles
1850 1306 1994 1379 sint,
2024 1325 2160 1367 cum
2185 1307 2407 1368 instru-
2456 1301 2464 1411 Ι
2508 1312 2620 1366 etc.
2648 1304 2845 1386 Papae
2889 1324 3035 1368 vero
3059 1305 3189 1367 loco
3236 1308 3608 1369 reverentiae
3629 1353 3647 1380 ,
3677 1307 4050 1389 genuflexio-

860 1409 1094 1475 mento,
1143 1402 1305 1482 quod
1333 1401 1502 1481 priu's
1523 1400 1825 1461 osculetur
1845 1420 1882 1461 a
1911 1400 2260 1481 porrigente
2294 1418 2401 1479 pa-
2453 1426 2461 1475 1
2511 1418 2649 1460 nem
2676 1399 2856 1461 unico
2880 1420 3078 1482 genu:
3109 1401 3258 1462 Rus.
3295 1401 3529 1465 Missal.
3554 1408 3612 1464 3.
3656 1402 3722 1463 do
3747 1401 3958 1463 Bened-
3988 1404 4055 1463 in

857 1514 1009 1568 cem,
1033 1494 1202 1557 nulla
1229 1495 1567 1557 reverentia
1599 1495 2088 1575 quibuscumque
2115 1494 2272 1556 facta
2298 1513 2404 1555 an·
2455 1478 2461 1559 ἱ
2506 1495 2615 1574 fine
2643 1494 2886 1559 Missae.

858 1599 1102 1670 tequam
1151 1590 1283 1663 det,
1332 1590 1434 1651 sed
1467 1598 1600 1669 post
1640 1590 1842 1651 datam
1870 1608 2107 1669 pacem,
2164 1588 2400 1650 etiamsi

853 1685 1084 1747 adesset
1103 1685 1435 1765 Imperator
1453 1727 1468 1744 .
1504 1684 1807 1765 Spectabit
1828 1692 2032 1746 autem
2053 1702 2289 1763 semper
2324 1683 2401 1746 ad

2626 1593 2683 1648 6.
2712 1588 3034 1671 Presbyter
3061 1587 3182 1650 ritu
3204 1609 3417 1671 graeco
3441 1590 3755 1653 ordinatus
3771 1610 3808 1652 a
3829 1590 3933 1652 88.
3970 1590 4043 1651 1).

2453 1571 2462 1615 ι

2448 1617 2462 1732 i
2511 1679 2726 1742 Nostro
2744 1726 2769 1754 ,
2806 1680 3110 1744 licentiam
3146 1682 3320 1763 petiit
3365 1683 3740 1765 ingrediendi
3780 1681 4046 1765 Religio-

858 1780 1287 1861 Presbyterum
1311 1777 1682 1840 assistentem
1714 1777 1778 1838 in
1824 1777 2041 1850 Missis,
2080 1776 2404 1858 in‘fiquibus
2511 1791 2649 1834 nem
2669 1773 3144 1854 Capuccinorum
3159 1821 3176 1849 ,
3201 1784 3262 1838 et
3286 1774 3627 1840 celebrandi
3655 1776 3901 1838 Missam
3921 1775 4049 1837 ritu

854 1871 1255 1945 adhibentur,
1287 1890 1492 1952 pacem
1516 1870 1780 1932 deferre.
1838 1871 2217 1933 Subdiacono
2254 1888 2399 1932 vero

856 1968 921 2027 in
943 1967 1112 2029 aliis:
1142 1966 1250 2046 qui
1276 1965 1422 2027 dare
1442 1965 1664 2026 debent
1691 1984 1919 2044 pacem,
1944 1973 2260 2046 postquam
2288 1983 2397 2044 per

851 2061 1123 2125 osculum
1155 2060 1481 2122 detulerint
1509 2059 1919 2141 Dignitatibus
1946 2069 2007 2120 et
2025 2058 2347 2121 Canonicis
2379 2103 2398 2133 ,

851 2157 1034 2218 etiam
1056 2154 1508 2237 Magistratibus
1532 2153 1968 2227 saecularibus,
1990 2148 2240 2215 sedistis
2262 2171 2400 2213 cum

852 2250 1285 2321 instrumento3
1339 2256 1399 2308 et
1444 2254 1743 2328 postremo
1791 2266 1924 2309 eam
1972 2244 2161 2307 alicui
2212 2244 2402 2308 tradit

851 2340 1177 2426 Acolytho,
1209 2343 1305 2404 vel
1336 2340 1824 2403 Coeremoniario
1845 2386 1863 2413 ,
1911 2340 2019 2420 qui
2048 2339 2298 2402 caeteris
2325 2340 2401 2401 de

846 2439 1032 2501 choro
1056 2437 1388 2509 distribuit,
1423 2435 1648 2497 scilicet
1672 2434 2101 2496 Ecclesiasticis
2126 2453 2266 2494 cum
2304 2452 2402 2495 os-

848 2533 1008 2608 culo,
1056 2532 1251 2595 Laicis
1281 2551 1417 2593 cum
1468 2529 1906 2591 instrumento.
1963 2527 2259 2610 Regulare
2286 2538 2397 2602 est,

849 2639 919 2692 ut
941 2649 1062 2711 pax
1094 2628 1270 2690 detur
1303 2626 1500 2708 primo
1533 2625 1963 2706 cujuscumque
1989 2621 2260 2695 ordinis,
2290 2622 2397 2683 ubi

852 2722 1229 2804 praebendae
1270 2728 1411 2782 sunt
1462 2718 1812 2788 distinctam
1855 2724 1914 2777 et
1954 2716 2059 2778 ubi
2089 2735 2211 2776 non
2258 2723 2401 2776 sunt

850 2816 1164 2878 distinctae
1187 2860 1204 2888 ,
1238 2812 1433 2894 primo
1464 2812 1545 2873 ab
1574 2819 1829 2890 utroque
1870 2808 2090 2882 latere,
2123 2807 2230 2888 qui
2260 2828 2399 2869 suc-

851 2907 1072 2971 cessive
1102 2907 1206 2968 dat
1230 2904 1405 2967 alteri
1438 2902 1851 2983 subsequenti,
1877 2901 2121 2976 dicens3
2151 2900 2292 2962 Pax
2319 2913 2398 2960 tc-

856 3023 1007 3077 esm,
1041 3002 1140 3066 cui
1166 3000 1521 3081 respondeat
1539 2998 1645 3079 qui
1673 3017 1878 3079 pacem
1903 2996 2159 3077 accipit,
2191 2995 2275 3056 Et
2296 3014 2401 3075 por

855 3097 1065 3181 spiritu
1093 3110 1222 3166 tuo:
1268 3094 1514 3156 Coerem.
1549 3094 1746 3175 Episc.
1796 3094 1894 3152 tib.
1948 3095 2002 3152 1.
2035 3112 2084 3152 c.
2119 3096 2217 3151 24.
2266 3111 2395 3151 cum

860 3206 1056 3254 totum.
1103 3193 1174 3254 ln
1217 3190 1414 3253 Missis
1462 3188 1643 3250 etiam
1690 3186 1886 3268 planis
1927 3206 2050 3247 cor.
2099 3184 2393 3265 Episcopo

853 3285 986 3350 dari
1019 3286 1170 3349 solet
1190 3285 1302 3366 ipsi
1324 3283 1617 3365 Episcopo
1648 3301 1768 3363 pax
1797 3300 1936 3342 cum
1972 3280 2395 3352 instrumentog

858 3382 1023 3443 Idem
1048 3383 1148 3442 lib.
1189 3384 1244 3441 1.
1281 3401 1405 3458 cap.
1446 3383 1543 3440 30.
1574 3397 1633 3437 η.
1684 3381 1777 3437 12.
1812 3376 2114 3438 Diaconus
2145 3395 2290 3436 vero
2338 3384 2398 3437 et

853 3475 1269 3536 subdiaconus
1296 3473 1360 3533 in
1388 3471 1568 3532 Missa
1595 3469 1889 3543 solemni,
1945 3489 2082 3546 cum
2123 3489 2397 3532 commu-

859 3568 1065 3629 nicant
1084 3613 1102 3642 ,
1151 3565 1453 3648 quomodo
1507 3583 1715 3645 pacem
1764 3563 2092 3644 accipiant,
2152 3563 2398 3634 consule

855 3683 1016 3723 num.
1061 3668 1155 3722 15.

975 3761 1031 3817 3.
1075 3754 1444 3816 Substitutus
1471 3751 1993 3834 Archiproebyteri
2051 3757 2174 3813 non
2216 3751 2397 3813 debet

854 3859 1097 3912 cantare
1123 3849 1354 3921 Missas,
1379 3867 1536 3928 quae
1569 3847 1645 3907 ad
1681 3846 1877 3927 ipsum
1900 3846 2396 3928 Archipresbyte-

854 3964 992 4006 rum
1016 3942 1336 4024 pertinent,
1367 3960 1475 4002 nec
1503 3939 1701 4001 locum
1723 3948 1783 4002 et
1813 3940 2105 4002 honorem
2143 3938 2393 4012 incensii

855 4046 916 4099 et
939 4037 1103 4119 pacis
1124 4035 1645 4116 Archipresbyteri
1674 4033 2062 4114 praetendere
2085 4055 2102 4107 ς
2129 4032 2197 4093 S.
2216 4034 2289 4094 R.
2320 4031 2390 4094 C.
2427 4092 2428 4095 ,

861 4138 953 4194 14.
987 4133 1236 4192 Decemb.
1265 4134 1437 4192 1702.
1465 4132 1529 4189 in
1552 4128 1840 4207 Maruqcn
1866 4130 2104 4188 nullius.
2130 4128 2253 4189 Nec
2277 4126 2399 4189 alia

853 4225 1054 4288 officia
1073 4226 1149 4287 ad
1168 4225 1369 4307 ipsum
1382 4221 1986 4305 Archipresbyterum
2008 4221 2395 4303 pertinentia;

856 4320 1012 4382 Vide
1050 4339 1270 4379 numer.
1300 4322 1396 4378 28.

894 4448 895 4451 ¹
972 4417 1029 4477 t.
1063 4413 1262 4476 Potest
1299 4411 1626 4491 Episcopus
1665 4409 1847 4470 etiam
1875 4408 1940 4469 in
1976 4407 2260 4470 Ecclesiis
2291 4410 2401 4470 Re-
2431 4444 2436 4451 ·

853 4505 1158 4589 gularium
1178 4514 1420 4568 cantare
1441 4503 1635 4565 facere
1649 4502 1860 4564 Missas
1871 4503 2272 4583 Rogationum
2291 4520 2398 4581 per

853 4622 994 4663 suos
1018 4600 1388 4672 Canonicos3
1423 4596 1491 4657 S.
1518 4597 1593 4657 R.
1611 4594 1693 4657 ¹C.
1719 4599 1817 4655 21.
1842 4595 2096 4656 Ianuar.
2137 4600 2308 4656 1603.
2336 4598 2400 4654 in

853 4695 1148 4756 Fir-mana.
1176 4697 1200 4719 '
1227 4699 1256 4769 (
1270 4694 1481 4756 Missas
1503 4690 1920 4771 Roqationum)
1942 4689 2123 4751 etiam
2168 4686 2396 4751 incide-

842 4789 982 4850 ·rint
1009 4788 1169 4849 infra
1213 4796 1484 4850 octavam
1523 4784 1860 4856 Paschatis,
1921 4792 1980 4846 et
2027 4783 2091 4844 in
2117 4784 2280 4847 diem
2331 4786 2392 4847 8.

851 4882 1067 4955 Marci,
1098 4881 1214 4959 nisi
1244 4883 1307 4942 in
1339 4881 1599 4943 Ecclesia
1627 4878 1871 4960 propria
1892 4923 1908 4938 .

970 4983 1029 5038 5.
1064 4976 1398 5041 Canonicus
1430 4975 1740 5037 celebrans
1784 4972 1847 5034 in
1875 4972 2085 5053 aliqua
2132 4971 2395 5036 Ecclesia

853 5069 1180 5152 Collegiata
1219 5069 1294 5130 de
1324 5067 1485 5130 Urbe
1513 5075 1827 5148 praesente
1875 5067 2122 5157 proprio
2150 5062 2396 5129 vicario

854 5164 1020 5225 illius
1050 5162 1365 5234 Ecclesiae,
1395 5162 1471 5222 ad
1501 5161 1744 5222 Missam
1773 5159 2242 5222 Conventualem
2273 5179 2395 5222 non

856 5267 1092 5320 tenetur
1119 5257 1182 5318 in
1211 5255 1334 5317 fine
1360 5255 1576 5317 Missae
1628 5262 1769 5316 ante
1796 5254 2275 5316 benedictionem
2301 5273 2397 5316 re-

851 5351 1186 5417 verentiam
1211 5350 1405 5412 facere
1425 5348 1537 5429 ipsi
1559 5348 1842 5420 Vicat-im
1869 5347 1937 5408 S.
1963 5348 2037 5409 R.
2071 5346 2139 5408 C.
2165 5351 2267 5407 21.
2293 5347 2397 5417 Fe·

855 5445 1080 5506 bruarii
1119 5449 1288 5507 1604.
1316 5447 1379 5504 in
1399 5462 1516 5504 una
1541 5441 1730 5504 Urbis.
1763 5442 1839 5503 Et
1875 5459 1992 5502 non
2017 5449 2251 5506 tantum
2284 5440 2396 5504 Ca-

2509 1865 2722 1942 latino,
2751 1876 2974 1930 etcum
3001 1889 3078 1931 ex
3106 1870 3372 1952 ejusdem
3398 1871 3768 1943 Sanctissimi
3800 1869 4050 1933 Dataria

2508 1958 2854 2042 hujusmodi
2902 1960 3258 2042 supplicatio
3289 1964 3366 2026 ad
3411 1964 3473 2025 S.
3523 1964 3774 2027 Rituum
3824 1964 4041 2044 Congr.

2508 2054 2756 2117 remissa
2784 2055 3008 2129 fuerit3
3041 2057 3101 2118 S.
3131 2059 3202 2119 R.
3228 2058 3294 2120 C.
3322 2059 3574 2133 censuit,
3616 2058 3920 2120 licentiam
3944 2078 4050 2138 pe·

2507 2147 2678 2210 titam
2704 2149 3045 2212 celebrandi
3074 2151 3197 2213 ritu
3237 2150 3426 2215 latino
3450 2173 3619 2233 posse
3643 2152 3887 2215 concedi
3916 2158 4051 2232 post

2508 2243 2842 2326 ingressum
2871 2245 3219 2327 Religionis,
3248 2247 3706 2310 etemissionem
3726 2245 4047 2329 professio·

2455 2356 2459 2365 ·
2508 2337 2625 2411 nis,
2649 2340 2837 2399 eadem
2864 2339 2933 2400 S.
2964 2340 3038 2401 R.
3074 2340 3142 2402 C.
3180 2346 3273 2403 16.
3322 2340 3515 2403 Octob.
3552 2347 3723 2404 1604.
3774 2345 3840 2402 in
3864 2343 4052 2403 Aneo-

2506 2434 2712 2493 m‘tana
2735 2475 2751 2492 .
2794 2434 2817 2455 ⁶
2842 2439 2872 2507 (
2894 2433 3208 2497 Leontium
3226 2438 3543 2498 alebrandi
3591 2437 3734 2499 Rieu
3783 2436 3991 2498 Lacino
4013 2445 4045 2510 )

2509 2525 2880 2607 Presbyteris
2897 2526 3138 2589 Graecis
3176 2519 3490 2610 praecipue
3511 2530 3780 2592 uxoratis
3797 2528 4048 2591 omnino

2508 2619 2812 2681 revocavit
2831 2620 2892 2681 S.
2920 2620 3061 2682 Pius
3088 2622 3161 2682 V.
3190 2667 3207 2695 ,
3236 2632 3295 2684 et
3327 2643 3403 2685 ne
3424 2613 3701 2704 deinceps
3729 2624 3938 2686 Graeci
3966 2622 4050 2686 la·

2509 2712 2636 2773 tino
2686 2733 2853 2776 more
2874 2760 2892 2787 ,
2927 2723 3033 2776 aut
3061 2716 3262 2777 Latini
3307 2737 3521 2799 graeco
3560 2718 3686 2779 ritu
3739 2717 4046 2780 celebrare

2506 2817 2917 2887 praesumant,
2952 2809 3014 2869 in
3048 2809 3273 2872 virtute
3294 2821 3531 2875 sanctae
3557 2812 3955 2884 obedientiae,
3984 2820 4045 2874 et

2506 2901 2620 2961 sub
2646 2920 2837 2981 poena
2885 2902 3315 2984 indignationis
3351 2925 3421 2967 ac
3448 2915 3769 2987 perpetuae
3797 2926 4044 2986 suspen-

2505 2993 2691 3056 sionis
2730 2995 3075 3075 prohibuit,
3111 2998 3301 3083 etiam
3338 3000 3452 3061 sub
3499 3008 3808 3081 praetextu
3837 3001 4051 3063 Missas

2505 3097 2565 3150 et
2604 3080 2725 3150 alia
2751 3089 2952 3152 officia
2995 3091 3205 3154 divina
3230 3092 3567 3169 celebrare,
3602 3095 3854 3158 Constit.
3885 3114 4044 3176 quae

2506 3182 2755 3263 incipit:
2787 3183 3155 3248 Providentia
3176 3188 3422 3250 Romani
3443 3188 3735 3272 Pontifici-s
3762 3196 3859 3252 20.
3887 3193 4038 3272 Aug.

2510 3283 2681 3339 1556.
2715 3279 2865 3340 edita
2885 3323 2902 3339 .

2621 3378 2682 3434 ’1.
2731 3373 2941 3435 Preces
2970 3373 3285 3441 ordinatae
3313 3375 3389 3437 ad
3435 3376 3873 3457 impetrandam
3913 3380 4047 3460 plu-

2506 3466 2667 3528 viam
2697 3485 2816 3527 non
2844 3476 2987 3528 sunt
3008 3468 3348 3530 recitandae
3366 3469 3524 3532 inter
3551 3472 3872 3534 Missarum
3898 3474 4047 3537 sole-

2510 3560 2698 3636 mnia,
2752 3581 2827 3621 ne
2856 3561 3073 3623 Missae
3119 3562 3493 3625 Sacrificium
3525 3564 4044 3648 interrumpatur3

2506 3652 2578 3713 S.
2612 3654 2685 3714 R.
2719 3650 2788 3713 C.
2825 3658 2917 3715 11.
2944 3654 3088 3715 lun.
3129 3660 3301 3717 1605.
3340 3660 3405 3716 in
3433 3656 3599 3719 Oseu-
3634 3661 3656 3683 '¹
3684 3660 3774 3721 lta
3803 3661 4049 3724 Praeces

2502 3748 2582 3809 ad
2599 3747 3019 3827 postulandam
3036 3749 3438 3825 serenitatem,
3459 3752 3734 3833 aliaeque
3744 3754 4049 3837 hujusmo-

2504 3842 2566 3903 di
2590 3842 2848 3924 generis,
2869 3851 2943 3904 ut
2969 3841 3031 3903 in
3060 3844 3182 3905 me.
3211 3845 3455 3907 Roman.
3483 3849 3548 3908 dc
3574 3847 3823 3910 Pnaem.

2624 3942 2683 3998 8.
2730 3937 3232 4000 Commemoratio
3274 3940 3547 4001 omnium
3580 3941 3879 4004 Fidelium
3929 3946 4048 4007 De-

2508 4028 2850 4091 functorum
2876 4041 3111 4102 nonest
3138 4032 3518 4108 celebranda,
3549 4055 3658 4097 nec
3685 4037 3957 4100 facienda
3982 4039 4048 4102 in

2505 4123 2607 4185 die
2631 4125 2957 4198 dominico,
2992 4126 3095 4187 sed
3144 4126 3457 4189 transferri
3514 4130 3691 4192 debet
3740 4132 3803 4192 in
3833 4133 4045 4196 feriam

2504 4219 2824 4280 secundam
2847 4228 3229 4298 sequentem3
3260 4220 3329 4281 S.
3356 4223 3429 4283 R.
3457 4221 3526 4284 C.
3549 4229 3647 4285 24.
3675 4224 3835 4305 Sept.
3872 4232 4042 4288 1605.

2506 4316 2570 4372 in
2590 4313 2929 4392 Auyustana
2944 4358 2959 4372 .
2978 4315 3000 4338 '
3015 4314 3115 4388 (In
3137 4316 3648 4394 [eriamsoeundam
3666 4328 4007 4400 sequentem)
4021 4370 4037 4392 ,

2508 4406 2645 4468 licet
2667 4406 2886 4468 festum
2912 4407 3134 4488 duplex
3166 4409 3366 4470 minus
3391 4421 3688 4485 occurrat,
3721 4425 3829 4476 aut
3856 4423 4045 4477 trans—

2507 4501 2652 4562 ferri
2670 4501 2998 4583 contingat,
3029 4503 3311 4563 omnibus
3331 4504 3526 4569 Missis
3543 4506 3617 4567 de
3640 4507 3933 4587 Requiem
3960 4529 4049 4571 ce-

2507 4593 2785 4666 lebratis3
2808 4602 3052 4673 excepta
3072 4593 3467 4658 Conventuali
3490 4597 3567 4659 de
3590 4598 3739 4660 festo
3750 4609 3887 4679 post
3909 4601 4050 4663 Ter-

2509 4687 2654 4749 tiam
2675 4687 3032 4759 celebranda
3048 4731 3063 4747 .

2624 4788 2681 4843 9.
2719 4782 3249 4843 Genuflectendum
3284 4802 3402 4841 non
3426 4793 3514 4845 eat
3548 4786 3621 4845 ad
3652 4787 3953 4847 orationes
3982 4790 4049 4851 in

2505 4875 2688 4938 Missa
2714 4876 2992 4947 solemni,
3022 4877 3084 4936 in
3107 4896 3224 4957 qua
3250 4879 3468 4937 [lia-itm·
3498 4883 3725 4949 Gloria,
3756 4895 3811 4939 vt
3835 4883 4047 4945 tircilo:

2506 4969 2576 5030 S.
2601 4970 2674 5031 R.
2707 4967 2774 5030 C.
2814 4975 2906 5031 19.
2940 4970 3101 5049 Maji
3130 4979 3298 5031 1507.
3332 4977 3390 5029 in
3418 4973 3773 5033 Placentina.
3807 4979 3821 4995 ‘
3851 4977 4054 5055 Neque

2505 5061 2570 5124 in
2599 5064 2695 5137 iia,
2727 5063 2790 5125 in
2814 5064 3038 5144 quibus
3064 5065 3284 5126 dicitur
3332 5077 3561 5128 tantum
3593 5071 3821 5138 Gloria,
3859 5093 3961 5130 nco
3984 5070 4051 5132 in

2505 5157 2761 5232 votivis}
2801 5159 2904 5220 sed
2931 5167 3160 5220 tantum
3196 5162 3252 5218 in
3282 5162 3474 5221 Missis
3500 5164 3831 5234 furialibus,
3861 5178 3915 5224 ct
3949 5165 4052 5226 do.-

2507 5250 2850 5312 functorum
2872 5252 3007 5313 licet
3028 5251 3148 5314 ritu
3166 5256 3504 5314 snlvrnniori
3534 5260 3869 5316 (vlt-brutis:
3901 5259 4045 5319 Bab.

2499 5344 2669 5405 Meu.
2695 5347 2760 5404 de
2782 5343 2950 5406 Orat.
2980 5359 3030 5406 ct
3063 5344 3308 5408 Cocrem.
3343 5350 3540 5428 Episc.
3574 5352 3674 5411 tib.
3704 5360 3762 5411 2.
3793 5372 3921 5432 cap.
3953 5358 4047 5414 18.

2508 5458 2663 5499 num.
2694 5442 2786 5499 16.
3655 5468 3656 5471 ¹
