<?xml version="1.0" encoding="UTF-8"?>
<!DOCTYPE html PUBLIC "-//W3C//DTD XHTML 1.0 Transitional//EN"
    "http://www.w3.org/TR/xhtml1/DTD/xhtml1-transitional.dtd">
<html xmlns="http://www.w3.org/1999/xhtml" xml:lang="en" lang="en">
 <head>
  <title>
</title>
<meta http-equiv="Content-Type" content="text/html;charset=utf-8" />
  <meta name='ocr-system' content='tesseract 3.04.00' />
  <meta name='ocr-capabilities' content='ocr_page ocr_carea ocr_par ocr_line ocrx_word'/>
</head>
<body>
  <div class='ocr_page' id='page_1' title='image "benedictixivpon00xivgoog_0406.png"; bbox 0 0 4487 6316; ppageno 0'>
   <div class='ocr_carea' id='block_1_1' title="bbox 1029 535 1130 585">
    <p class='ocr_par' dir='ltr' id='par_1_1' title="bbox 1029 535 1130 585">
     <span class='ocr_line' id='line_1_1' title="bbox 1029 535 1130 585; baseline 0.01 -1"><span class='ocrx_word' id='word_1_1' title='bbox 1029 535 1130 585; x_wconf 75' lang='lat'>372</span> 
     </span>
    </p>
   </div>
   <div class='ocr_carea' id='block_1_2' title="bbox 1823 533 3096 592">
    <p class='ocr_par' dir='ltr' id='par_1_2' title="bbox 1823 533 3096 592">
     <span class='ocr_line' id='line_1_2' title="bbox 1823 533 3096 592; baseline 0.001 -6"><span class='ocrx_word' id='word_1_2' title='bbox 1823 535 1908 586; x_wconf 75' lang='lat' dir='ltr'>m:</span> <span class='ocrx_word' id='word_1_3' title='bbox 1950 533 2431 587; x_wconf 53' lang='lat' dir='ltr'>sAcnosANC&#39;ro</span> <span class='ocrx_word' id='word_1_4' title='bbox 2469 534 2681 587; x_wconf 47' lang='lat' dir='ltr'>Missa?</span> <span class='ocrx_word' id='word_1_5' title='bbox 2722 536 3096 592; x_wconf 62' lang='lat' dir='ltr'>sAcntFtttto</span> 
     </span>
    </p>
   </div>
   <div class='ocr_carea' id='block_1_3' title="bbox 847 677 4036 758">
    <p class='ocr_par' dir='ltr' id='par_1_3' title="bbox 847 677 4036 758">
     <span class='ocr_line' id='line_1_3' title="bbox 847 677 4036 758; baseline 0.003 -19"><span class='ocrx_word' id='word_1_6' title='bbox 847 678 972 739; x_wconf 84' lang='lat' dir='ltr'>sive</span> <span class='ocrx_word' id='word_1_7' title='bbox 1024 677 1146 758; x_wconf 64' lang='lat' dir='ltr'>pro*</span> <span class='ocrx_word' id='word_1_8' title='bbox 1181 677 1469 740; x_wconf 88' lang='lat' dir='ltr'>sumenda</span> <span class='ocrx_word' id='word_1_9' title='bbox 1514 677 1767 740; x_wconf 88' lang='lat' dir='ltr'>ulterius</span> <span class='ocrx_word' id='word_1_10' title='bbox 1810 679 2223 751; x_wconf 80' lang='lat' dir='ltr'>Comunione,</span> <span class='ocrx_word' id='word_1_11' title='bbox 2262 679 2387 740; x_wconf 83' lang='lat' dir='ltr'>sive</span> <span class='ocrx_word' id='word_1_12' title='bbox 2440 678 2446 734; x_wconf 61' lang='lat' dir='ltr'>i</span> <span class='ocrx_word' id='word_1_13' title='bbox 2495 698 2701 740; x_wconf 84' lang='lat' dir='ltr'>omnes</span> <span class='ocrx_word' id='word_1_14' title='bbox 2759 681 3120 743; x_wconf 75' lang='lat' dir='ltr'>adamussim</span> <span class='ocrx_word' id='word_1_15' title='bbox 3177 683 3299 745; x_wconf 87' lang='lat' dir='ltr'>sint</span> <span class='ocrx_word' id='word_1_16' title='bbox 3359 683 3759 745; x_wconf 81' lang='lat' dir='ltr'>observandi.</span> <span class='ocrx_word' id='word_1_17' title='bbox 3815 683 4036 747; x_wconf 71' lang='lat' dir='ltr'>suarez</span> 
     </span>
    </p>
   </div>
   <div class='ocr_carea' id='block_1_4' title="bbox 846 771 2380 851">
    <p class='ocr_par' dir='ltr' id='par_1_4' title="bbox 846 771 2380 851">
     <span class='ocr_line' id='line_1_4' title="bbox 846 771 2380 851; baseline 0.002 -19"><span class='ocrx_word' id='word_1_18' title='bbox 846 792 960 851; x_wconf 87' lang='lat' dir='ltr'>pro</span> <span class='ocrx_word' id='word_1_19' title='bbox 990 771 1345 834; x_wconf 86' lang='lat' dir='ltr'>celebranda</span> <span class='ocrx_word' id='word_1_20' title='bbox 1386 772 1575 834; x_wconf 71' lang='lat' dir='ltr'>&#39;Missa</span> <span class='ocrx_word' id='word_1_21' title='bbox 1625 773 1885 834; x_wconf 85' lang='lat' dir='ltr'>sedendo</span> <span class='ocrx_word' id='word_1_22' title='bbox 1936 774 2338 836; x_wconf 65' lang='lat' dir='ltr'>militantibus</span> <span class='ocrx_word' id='word_1_23' title='bbox 2366 821 2380 846; x_wconf 94' lang='lat'>,</span> 
     </span>
    </p>
   </div>
   <div class='ocr_carea' id='block_1_5' title="bbox 2498 772 4027 858">
    <p class='ocr_par' dir='ltr' id='par_1_5' title="bbox 2498 772 4027 858">
     <span class='ocr_line' id='line_1_5' title="bbox 2498 772 4027 858; baseline 0.004 -26"><span class='ocrx_word' id='word_1_24' title='bbox 2498 772 2649 834; x_wconf 80' lang='lat' dir='ltr'>Tem.</span> <span class='ocrx_word' id='word_1_25' title='bbox 2681 781 2737 834; x_wconf 81' lang='lat'><strong>3.</strong></span> <span class='ocrx_word' id='word_1_26' title='bbox 2767 778 2828 835; x_wconf 80' lang='lat' dir='ltr'>in</span> <span class='ocrx_word' id='word_1_27' title='bbox 2863 781 2920 847; x_wconf 76' lang='grc'>3.</span> <span class='ocrx_word' id='word_1_28' title='bbox 2956 789 3110 858; x_wconf 74' lang='lat' dir='ltr'>part.</span> <span class='ocrx_word' id='word_1_29' title='bbox 3147 779 3216 838; x_wconf 87' lang='lat' dir='ltr'><strong>D.</strong></span> <span class='ocrx_word' id='word_1_30' title='bbox 3249 777 3514 839; x_wconf 88' lang='lat' dir='ltr'>Thomae</span> <span class='ocrx_word' id='word_1_31' title='bbox 3555 800 3650 857; x_wconf 82' lang='lat' dir='ltr'>qu.</span> <span class='ocrx_word' id='word_1_32' title='bbox 3683 785 3780 840; x_wconf 84' lang='lat'><strong>83.</strong></span> <span class='ocrx_word' id='word_1_33' title='bbox 3817 795 3929 840; x_wconf 79' lang='lat' dir='ltr'>ore.</span> <span class='ocrx_word' id='word_1_34' title='bbox 3967 787 4027 840; x_wconf 88' lang='lat'>5.</span> 
     </span>
    </p>
   </div>
   <div class='ocr_carea' id='block_1_6' title="bbox 842 865 4035 1043">
    <p class='ocr_par' dir='ltr' id='par_1_6' title="bbox 842 865 4035 1043">
     <span class='ocr_line' id='line_1_6' title="bbox 842 865 4035 955; baseline 0.003 -30"><span class='ocrx_word' id='word_1_35' title='bbox 842 865 1160 927; x_wconf 72' lang='lat' dir='ltr'>statuimus</span> <span class='ocrx_word' id='word_1_36' title='bbox 1196 866 1349 928; x_wconf 85' lang='lat' dir='ltr'>hanc</span> <span class='ocrx_word' id='word_1_37' title='bbox 1378 877 1641 929; x_wconf 87' lang='lat' dir='ltr'>nostram</span> <span class='ocrx_word' id='word_1_38' title='bbox 1682 868 2159 930; x_wconf 78' lang='lat' dir='ltr'>lucubrationem</span> <span class='ocrx_word' id='word_1_39' title='bbox 2189 869 2382 930; x_wconf 80' lang='lat' dir='ltr'>vario-</span> <span class='ocrx_word' id='word_1_40' title='bbox 2491 870 2698 949; x_wconf 71' lang='lat' dir='ltr'>disput.</span> <span class='ocrx_word' id='word_1_41' title='bbox 2733 876 2829 931; x_wconf 69' lang='lat' dir='ltr'>st.</span> <span class='ocrx_word' id='word_1_42' title='bbox 2866 884 2994 931; x_wconf 81' lang='lat' dir='ltr'>sect.</span> <span class='ocrx_word' id='word_1_43' title='bbox 3040 878 3092 932; x_wconf 93' lang='grc'>1.</span> <span class='ocrx_word' id='word_1_44' title='bbox 3125 881 3256 953; x_wconf 86' lang='lat' dir='ltr'>post</span> <span class='ocrx_word' id='word_1_45' title='bbox 3283 873 3467 935; x_wconf 90' lang='lat' dir='ltr'>relata</span> <span class='ocrx_word' id='word_1_46' title='bbox 3496 874 3556 934; x_wconf 88' lang='lat' dir='ltr'>S.</span> <span class='ocrx_word' id='word_1_47' title='bbox 3591 874 3757 934; x_wconf 88' lang='lat' dir='ltr'>Pauli</span> <span class='ocrx_word' id='word_1_48' title='bbox 3790 877 4035 955; x_wconf 80' lang='lat' dir='ltr'>Aposto-</span> 
     </span>
     <span class='ocr_line' id='line_1_7' title="bbox 844 960 4032 1043; baseline 0.003 -24"><span class='ocrx_word' id='word_1_49' title='bbox 844 980 981 1020; x_wconf 90' lang='lat' dir='ltr'>rnm</span> <span class='ocrx_word' id='word_1_50' title='bbox 1030 961 1277 1040; x_wconf 87' lang='lat' dir='ltr'>pietate,</span> <span class='ocrx_word' id='word_1_51' title='bbox 1316 970 1375 1022; x_wconf 89' lang='lat' dir='ltr'>et</span> <span class='ocrx_word' id='word_1_52' title='bbox 1416 963 1684 1024; x_wconf 88' lang='lat' dir='ltr'>doctrina</span> <span class='ocrx_word' id='word_1_53' title='bbox 1718 963 2173 1043; x_wconf 82' lang='lat' dir='ltr'>conspicuorum</span> <span class='ocrx_word' id='word_1_54' title='bbox 2220 964 2382 1024; x_wconf 84' lang='lat' dir='ltr'>viro·-</span> <span class='ocrx_word' id='word_1_55' title='bbox 2491 960 2531 1020; x_wconf 94' lang='lat' dir='ltr'>li</span> <span class='ocrx_word' id='word_1_56' title='bbox 2562 964 2743 1024; x_wconf 87' lang='lat' dir='ltr'>verba</span> <span class='ocrx_word' id='word_1_57' title='bbox 2775 969 2827 1024; x_wconf 83' lang='lat'><strong>1.</strong></span> <span class='ocrx_word' id='word_1_58' title='bbox 2860 965 2933 1025; x_wconf 84' lang='lat' dir='ltr'>ad</span> <span class='ocrx_word' id='word_1_59' title='bbox 2964 965 3236 1026; x_wconf 83' lang='lat' dir='ltr'>Corinth.</span> <span class='ocrx_word' id='word_1_60' title='bbox 3277 971 3368 1026; x_wconf 67' lang='lat' dir='ltr'>tt.</span> <span class='ocrx_word' id='word_1_61' title='bbox 3400 969 3590 1027; x_wconf 76' lang='lat' dir='ltr'>munia</span> <span class='ocrx_word' id='word_1_62' title='bbox 3618 971 3914 1027; x_wconf 80' lang='lat' dir='ltr'>secundum</span> <span class='ocrx_word' id='word_1_63' title='bbox 3943 988 4032 1029; x_wconf 89' lang='lat' dir='ltr'>or·</span> 
     </span>
    </p>
   </div>
   <div class='ocr_carea' id='block_1_7' title="bbox 823 1054 2380 2552">
    <p class='ocr_par' dir='ltr' id='par_1_7' title="bbox 823 1054 2380 2552">
     <span class='ocr_line' id='line_1_8' title="bbox 843 1054 2380 1128; baseline 0.001 -13"><span class='ocrx_word' id='word_1_64' title='bbox 843 1074 978 1115; x_wconf 90' lang='lat' dir='ltr'>rum</span> <span class='ocrx_word' id='word_1_65' title='bbox 1008 1054 1385 1116; x_wconf 88' lang='lat' dir='ltr'>trutinationi</span> <span class='ocrx_word' id='word_1_66' title='bbox 1413 1055 1817 1128; x_wconf 83' lang='lat' dir='ltr'>committere,</span> <span class='ocrx_word' id='word_1_67' title='bbox 1863 1065 1929 1117; x_wconf 85' lang='lat' dir='ltr'>ut</span> <span class='ocrx_word' id='word_1_68' title='bbox 1955 1058 2281 1117; x_wconf 85' lang='lat' dir='ltr'>secundum</span> <span class='ocrx_word' id='word_1_69' title='bbox 2306 1057 2380 1117; x_wconf 93' lang='lat' dir='ltr'>il-</span> 
     </span>
     <span class='ocr_line' id='line_1_9' title="bbox 841 1147 2374 1230; baseline 0.003 -22"><span class='ocrx_word' id='word_1_70' title='bbox 841 1147 1037 1208; x_wconf 84' lang='lat' dir='ltr'>torum</span> <span class='ocrx_word' id='word_1_71' title='bbox 1059 1148 1310 1230; x_wconf 81' lang='lat' dir='ltr'>judicia,</span> <span class='ocrx_word' id='word_1_72' title='bbox 1344 1168 1501 1229; x_wconf 89' lang='lat' dir='ltr'>quae</span> <span class='ocrx_word' id='word_1_73' title='bbox 1529 1150 1757 1230; x_wconf 79' lang='lat' dir='ltr'>agenda</span> <span class='ocrx_word' id='word_1_74' title='bbox 1784 1151 1905 1211; x_wconf 91' lang='lat' dir='ltr'>sint</span> <span class='ocrx_word' id='word_1_75' title='bbox 1924 1151 2374 1212; x_wconf 80' lang='lat' dir='ltr'>constituamus.</span> 
     </span>
     <span class='ocr_line' id='line_1_10' title="bbox 842 1242 2373 1328; baseline 0.002 -24"><span class='ocrx_word' id='word_1_76' title='bbox 842 1243 1060 1304; x_wconf 82' lang='lat' dir='ltr'>AEneas</span> <span class='ocrx_word' id='word_1_77' title='bbox 1085 1242 1328 1325; x_wconf 77' lang='lat' dir='ltr'>Sylvius</span> <span class='ocrx_word' id='word_1_78' title='bbox 1356 1244 1855 1316; x_wconf 81' lang='lat' dir='ltr'>l’iccolomineus,</span> <span class='ocrx_word' id='word_1_79' title='bbox 1886 1254 2086 1328; x_wconf 84' lang='lat' dir='ltr'>postea</span> <span class='ocrx_word' id='word_1_80' title='bbox 2122 1246 2264 1308; x_wconf 89' lang='lat' dir='ltr'>Pius</span> <span class='ocrx_word' id='word_1_81' title='bbox 2294 1247 2373 1307; x_wconf 87' lang='lat'><strong>11.</strong></span> 
     </span>
     <span class='ocr_line' id='line_1_11' title="bbox 841 1336 2377 1420; baseline 0.004 -23"><span class='ocrx_word' id='word_1_82' title='bbox 841 1338 903 1398; x_wconf 91' lang='lat' dir='ltr'>in</span> <span class='ocrx_word' id='word_1_83' title='bbox 956 1336 1267 1399; x_wconf 82' lang='lat' dir='ltr'>Pontiticia</span> <span class='ocrx_word' id='word_1_84' title='bbox 1316 1339 1606 1420; x_wconf 75' lang='lat' dir='ltr'>dig-nitate</span> <span class='ocrx_word' id='word_1_85' title='bbox 1655 1339 1848 1400; x_wconf 87' lang='lat' dir='ltr'>dictus</span> <span class='ocrx_word' id='word_1_86' title='bbox 1897 1340 1958 1400; x_wconf 91' lang='lat' dir='ltr'>in</span> <span class='ocrx_word' id='word_1_87' title='bbox 2003 1340 2268 1420; x_wconf 82' lang='lat' dir='ltr'>Epistola</span> <span class='ocrx_word' id='word_1_88' title='bbox 2301 1342 2377 1403; x_wconf 91' lang='lat' dir='ltr'>ad</span> 
     </span>
     <span class='ocr_line' id='line_1_12' title="bbox 839 1431 2375 1517; baseline 0.002 -24"><span class='ocrx_word' id='word_1_89' title='bbox 839 1431 1168 1494; x_wconf 85' lang='lat' dir='ltr'>Martinum</span> <span class='ocrx_word' id='word_1_90' title='bbox 1231 1434 1441 1514; x_wconf 80' lang='lat' dir='ltr'>Mayer</span> <span class='ocrx_word' id='word_1_91' title='bbox 1492 1435 1877 1515; x_wconf 83' lang='lat' dir='ltr'>Mognnensis</span> <span class='ocrx_word' id='word_1_92' title='bbox 1935 1435 2375 1517; x_wconf 80' lang='lat' dir='ltr'>Arcbiepiseopi</span> 
     </span>
     <span class='ocr_line' id='line_1_13' title="bbox 836 1518 2379 1607; baseline 0.003 -21"><span class='ocrx_word' id='word_1_93' title='bbox 836 1524 1273 1587; x_wconf 82' lang='lat' dir='ltr'>Cancellarium</span> <span class='ocrx_word' id='word_1_94' title='bbox 1302 1526 1476 1600; x_wconf 81' lang='lat' dir='ltr'>data,</span> <span class='ocrx_word' id='word_1_95' title='bbox 1522 1535 1581 1587; x_wconf 86' lang='lat' dir='ltr'>et</span> <span class='ocrx_word' id='word_1_96' title='bbox 1616 1518 1892 1607; x_wconf 64' lang='lat' dir='ltr'>in‘ipsins</span> <span class='ocrx_word' id='word_1_97' title='bbox 1920 1528 2379 1606; x_wconf 72' lang='lat' dir='ltr'>Commentariis</span> 
     </span>
     <span class='ocr_line' id='line_1_14' title="bbox 832 1621 2376 1703; baseline 0.003 -23"><span class='ocrx_word' id='word_1_98' title='bbox 832 1622 1061 1682; x_wconf 83' lang='lat' dir='ltr'>Romae</span> <span class='ocrx_word' id='word_1_99' title='bbox 1093 1625 1264 1681; x_wconf 66' lang='grc'><strong>1584.</strong></span> <span class='ocrx_word' id='word_1_100' title='bbox 1300 1621 1460 1682; x_wconf 90' lang='lat' dir='ltr'>edita</span> <span class='ocrx_word' id='word_1_101' title='bbox 1502 1622 1904 1682; x_wconf 82' lang='lat' dir='ltr'>necessitatem</span> <span class='ocrx_word' id='word_1_102' title='bbox 1936 1622 2181 1702; x_wconf 78' lang='lat' dir='ltr'>exponit</span> <span class='ocrx_word' id='word_1_103' title='bbox 2209 1669 2223 1694; x_wconf 95' lang='lat'><strong><em>‚</em></strong></span> <span class='ocrx_word' id='word_1_104' title='bbox 2255 1642 2376 1703; x_wconf 89' lang='lat' dir='ltr'>qua</span> 
     </span>
     <span class='ocr_line' id='line_1_15' title="bbox 834 1715 2375 1797; baseline 0.001 -22"><span class='ocrx_word' id='word_1_105' title='bbox 834 1716 1111 1777; x_wconf 79' lang='lat' dir='ltr'>Pontifex</span> <span class='ocrx_word' id='word_1_106' title='bbox 1140 1717 1291 1778; x_wconf 88' lang='lat' dir='ltr'>alios</span> <span class='ocrx_word' id='word_1_107' title='bbox 1321 1715 1629 1776; x_wconf 82' lang='lat' dir='ltr'>consulere</span> <span class='ocrx_word' id='word_1_108' title='bbox 1664 1728 1920 1776; x_wconf 61' lang='lat' dir='ltr'>tenetur}</span> <span class='ocrx_word' id='word_1_109' title='bbox 1951 1716 2116 1797; x_wconf 81' lang='lat' dir='ltr'>Papa</span> <span class='ocrx_word' id='word_1_110' title='bbox 2148 1721 2251 1777; x_wconf 80' lang='lat' dir='ltr'>etsi</span> <span class='ocrx_word' id='word_1_111' title='bbox 2276 1720 2375 1778; x_wconf 88' lang='lat' dir='ltr'>do-</span> 
     </span>
     <span class='ocr_line' id='line_1_16' title="bbox 831 1812 2374 1889; baseline 0.001 -19"><span class='ocrx_word' id='word_1_112' title='bbox 831 1821 952 1870; x_wconf 76' lang='lat' dir='ltr'>ctus</span> <span class='ocrx_word' id='word_1_113' title='bbox 970 1857 983 1879; x_wconf 91' lang='lat'>,</span> <span class='ocrx_word' id='word_1_114' title='bbox 1014 1821 1065 1870; x_wconf 79' lang='lat' dir='ltr'>et</span> <span class='ocrx_word' id='word_1_115' title='bbox 1085 1812 1304 1889; x_wconf 81' lang='lat' dir='ltr'>sapiens</span> <span class='ocrx_word' id='word_1_116' title='bbox 1332 1822 1407 1869; x_wconf 76' lang='lat' dir='ltr'>es!</span> <span class='ocrx_word' id='word_1_117' title='bbox 1425 1859 1439 1879; x_wconf 91' lang='lat'>,</span> <span class='ocrx_word' id='word_1_118' title='bbox 1465 1830 1577 1869; x_wconf 81' lang='lat' dir='ltr'>non</span> <span class='ocrx_word' id='word_1_119' title='bbox 1609 1820 1791 1869; x_wconf 69' lang='lat' dir='ltr'>tamen</span> <span class='ocrx_word' id='word_1_120' title='bbox 1822 1819 1937 1870; x_wconf 77' lang='lat' dir='ltr'>tom</span> <span class='ocrx_word' id='word_1_121' title='bbox 1968 1812 2128 1869; x_wconf 68' lang='lat' dir='ltr'>verbo</span> <span class='ocrx_word' id='word_1_122' title='bbox 2154 1831 2255 1870; x_wconf 83' lang='lat' dir='ltr'>suo</span> <span class='ocrx_word' id='word_1_123' title='bbox 2280 1832 2374 1872; x_wconf 83' lang='lat' dir='ltr'>sa·</span> 
     </span>
     <span class='ocr_line' id='line_1_17' title="bbox 827 1906 2377 1985; baseline 0.001 -21"><span class='ocrx_word' id='word_1_124' title='bbox 827 1908 946 1985; x_wconf 78' lang='lat' dir='ltr'>pit,</span> <span class='ocrx_word' id='word_1_125' title='bbox 991 1925 1161 1983; x_wconf 82' lang='lat' dir='ltr'>quam</span> <span class='ocrx_word' id='word_1_126' title='bbox 1209 1908 1442 1964; x_wconf 84' lang='lat' dir='ltr'>consilio</span> <span class='ocrx_word' id='word_1_127' title='bbox 1488 1907 1900 1971; x_wconf 74' lang='lat' dir='ltr'>assistentium,-</span> <span class='ocrx_word' id='word_1_128' title='bbox 1938 1916 1989 1964; x_wconf 81' lang='lat' dir='ltr'>et</span> <span class='ocrx_word' id='word_1_129' title='bbox 2034 1906 2377 1985; x_wconf 76' lang='lat' dir='ltr'>deciperetur</span> 
     </span>
     <span class='ocr_line' id='line_1_18' title="bbox 827 2001 2374 2080; baseline 0 -21"><span class='ocrx_word' id='word_1_130' title='bbox 827 2002 1067 2078; x_wconf 73' lang='lat' dir='ltr'>forsitan</span> <span class='ocrx_word' id='word_1_131' title='bbox 1112 2001 1458 2078; x_wconf 80' lang='lat' dir='ltr'>aliquando,</span> <span class='ocrx_word' id='word_1_132' title='bbox 1493 2001 1607 2058; x_wconf 76' lang='lat' dir='ltr'>uisi</span> <span class='ocrx_word' id='word_1_133' title='bbox 1647 2010 1898 2059; x_wconf 79' lang='lat' dir='ltr'>astarent</span> <span class='ocrx_word' id='word_1_134' title='bbox 1944 2001 2060 2058; x_wconf 76' lang='lat' dir='ltr'>viri</span> <span class='ocrx_word' id='word_1_135' title='bbox 2101 2003 2374 2080; x_wconf 79' lang='lat' dir='ltr'>sapientes</span> 
     </span>
     <span class='ocr_line' id='line_1_19' title="bbox 825 2093 2371 2175; baseline 0.001 -21"><span class='ocrx_word' id='word_1_136' title='bbox 825 2097 1129 2173; x_wconf 78' lang='lat' dir='ltr'>qui-multa</span> <span class='ocrx_word' id='word_1_137' title='bbox 1156 2106 1408 2154; x_wconf 78' lang='lat' dir='ltr'>noscant.</span> <span class='ocrx_word' id='word_1_138' title='bbox 1435 2095 1652 2175; x_wconf 78' lang='lat' dir='ltr'>Magno</span> <span class='ocrx_word' id='word_1_139' title='bbox 1676 2093 1860 2154; x_wconf 86' lang='lat' dir='ltr'>Nobis</span> <span class='ocrx_word' id='word_1_140' title='bbox 1889 2093 2246 2154; x_wconf 85' lang='lat' dir='ltr'>documento</span> <span class='ocrx_word' id='word_1_141' title='bbox 2265 2095 2371 2175; x_wconf 86' lang='lat' dir='ltr'>qui</span> 
     </span>
     <span class='ocr_line' id='line_1_20' title="bbox 826 2188 2367 2268; baseline 0.001 -19"><span class='ocrx_word' id='word_1_142' title='bbox 826 2208 935 2249; x_wconf 84' lang='lat' dir='ltr'>nec</span> <span class='ocrx_word' id='word_1_143' title='bbox 981 2189 1308 2268; x_wconf 78' lang='lat' dir='ltr'>sapientia,</span> <span class='ocrx_word' id='word_1_144' title='bbox 1344 2209 1450 2248; x_wconf 89' lang='lat' dir='ltr'>nec</span> <span class='ocrx_word' id='word_1_145' title='bbox 1480 2188 1750 2249; x_wconf 82' lang='lat' dir='ltr'>doctrina</span> <span class='ocrx_word' id='word_1_146' title='bbox 1794 2188 2211 2268; x_wconf 81' lang='lat' dir='ltr'>praecellimus</span> <span class='ocrx_word' id='word_1_147' title='bbox 2236 2235 2253 2260; x_wconf 95' lang='lat'>,</span> <span class='ocrx_word' id='word_1_148' title='bbox 2307 2190 2367 2250; x_wconf 91' lang='lat' dir='ltr'>in</span> 
     </span>
     <span class='ocr_line' id='line_1_21' title="bbox 830 2283 2370 2365; baseline 0.001 -22"><span class='ocrx_word' id='word_1_149' title='bbox 830 2284 1067 2365; x_wconf 80' lang='lat' dir='ltr'>negotio</span> <span class='ocrx_word' id='word_1_150' title='bbox 1096 2283 1444 2364; x_wconf 86' lang='lat' dir='ltr'>praesertim</span> <span class='ocrx_word' id='word_1_151' title='bbox 1477 2284 1595 2343; x_wconf 87' lang='lat' dir='ltr'>Nos</span> <span class='ocrx_word' id='word_1_152' title='bbox 1629 2284 1786 2363; x_wconf 69' lang='lat' dir='ltr'>ipsm</span> <span class='ocrx_word' id='word_1_153' title='bbox 1811 2293 2232 2344; x_wconf 81' lang='lat' dir='ltr'>concernentes</span> <span class='ocrx_word' id='word_1_154' title='bbox 2258 2330 2274 2355; x_wconf 95' lang='lat'>,</span> <span class='ocrx_word' id='word_1_155' title='bbox 2308 2285 2370 2345; x_wconf 90' lang='lat' dir='ltr'>in</span> 
     </span>
     <span class='ocr_line' id='line_1_22' title="bbox 826 2376 2370 2458; baseline 0 -21"><span class='ocrx_word' id='word_1_156' title='bbox 826 2396 950 2457; x_wconf 88' lang='lat' dir='ltr'>quo</span> <span class='ocrx_word' id='word_1_157' title='bbox 978 2389 1149 2438; x_wconf 84' lang='lat' dir='ltr'>amor</span> <span class='ocrx_word' id='word_1_158' title='bbox 1178 2377 1459 2458; x_wconf 83' lang='lat' dir='ltr'>proprius</span> <span class='ocrx_word' id='word_1_159' title='bbox 1484 2377 1606 2436; x_wconf 83' lang='lat' dir='ltr'>Nos</span> <span class='ocrx_word' id='word_1_160' title='bbox 1632 2376 1946 2457; x_wconf 80' lang='lat' dir='ltr'>insigniter</span> <span class='ocrx_word' id='word_1_161' title='bbox 1985 2386 2174 2456; x_wconf 73' lang='lat' dir='ltr'>posset</span> <span class='ocrx_word' id='word_1_162' title='bbox 2209 2377 2370 2437; x_wconf 87' lang='lat' dir='ltr'>deci-</span> 
     </span>
     <span class='ocr_line' id='line_1_23' title="bbox 823 2470 2128 2552; baseline -0.002 -20"><span class='ocrx_word' id='word_1_163' title='bbox 823 2491 967 2552; x_wconf 86' lang='lat' dir='ltr'>pere</span> <span class='ocrx_word' id='word_1_164' title='bbox 997 2472 1225 2550; x_wconf 85' lang='lat' dir='ltr'>absque</span> <span class='ocrx_word' id='word_1_165' title='bbox 1251 2471 1510 2532; x_wconf 88' lang='lat' dir='ltr'>aliorum</span> <span class='ocrx_word' id='word_1_166' title='bbox 1546 2471 1824 2550; x_wconf 78' lang='lat' dir='ltr'>prudenti</span> <span class='ocrx_word' id='word_1_167' title='bbox 1855 2470 2128 2531; x_wconf 84' lang='lat' dir='ltr'>consilio.</span> 
     </span>
    </p>
   </div>
   <div class='ocr_carea' id='block_1_8' title="bbox 1301 2658 1896 2721">
    <p class='ocr_par' dir='ltr' id='par_1_8' title="bbox 1301 2658 1896 2721">
     <span class='ocr_line' id='line_1_24' title="bbox 1301 2658 1896 2721; baseline -0.003 -1"><span class='ocrx_word' id='word_1_168' title='bbox 1301 2658 1896 2721; x_wconf 85' lang='lat' dir='ltr'>COMMENTATIO.</span> 
     </span>
    </p>
   </div>
   <div class='ocr_carea' id='block_1_9' title="bbox 820 2819 2369 3098">
    <p class='ocr_par' dir='ltr' id='par_1_9' title="bbox 820 2819 2369 3098">
     <span class='ocr_line' id='line_1_25' title="bbox 820 2819 2365 2928; baseline -0.002 -18"><span class='ocrx_word' id='word_1_169' title='bbox 820 2848 1091 2910; x_wconf 69' lang='lat' dir='ltr'>Sotium</span> <span class='ocrx_word' id='word_1_170' title='bbox 1135 2849 1249 2924; x_wconf 74' lang='lat' dir='ltr'>sit,</span> <span class='ocrx_word' id='word_1_171' title='bbox 1298 2846 1542 2909; x_wconf 80' lang='lat' dir='ltr'>Sacram</span> <span class='ocrx_word' id='word_1_172' title='bbox 1588 2819 2047 2908; x_wconf 73' lang='lat' dir='ltr'>Communionem</span> <span class='ocrx_word' id='word_1_173' title='bbox 2082 2851 2323 2928; x_wconf 82' lang='lat' dir='ltr'>recipere</span> <span class='ocrx_word' id='word_1_174' title='bbox 2350 2896 2365 2918; x_wconf 97' lang='lat'>,</span> 
     </span>
     <span class='ocr_line' id='line_1_26' title="bbox 829 2941 2369 3024; baseline 0 -21"><span class='ocrx_word' id='word_1_175' title='bbox 829 2976 835 2983; x_wconf 92' lang='lat'><strong>·</strong></span> <span class='ocrx_word' id='word_1_176' title='bbox 896 2964 1046 3003; x_wconf 76' lang='lat' dir='ltr'>more</span> <span class='ocrx_word' id='word_1_177' title='bbox 1077 2944 1344 3004; x_wconf 75' lang='lat' dir='ltr'>hacteuus</span> <span class='ocrx_word' id='word_1_178' title='bbox 1371 2962 1410 3003; x_wconf 81' lang='lat' dir='ltr'>a</span> <span class='ocrx_word' id='word_1_179' title='bbox 1437 2941 1710 3024; x_wconf 80' lang='lat' dir='ltr'>Pontifice</span> <span class='ocrx_word' id='word_1_180' title='bbox 1738 2951 1984 3014; x_wconf 72' lang='lat' dir='ltr'>mato,</span> <span class='ocrx_word' id='word_1_181' title='bbox 2017 2963 2097 3004; x_wconf 80' lang='lat' dir='ltr'>on</span> <span class='ocrx_word' id='word_1_182' title='bbox 2123 2942 2369 3004; x_wconf 74' lang='lat' dir='ltr'>Missam</span> 
     </span>
     <span class='ocr_line' id='line_1_27' title="bbox 892 3036 1460 3098; baseline -0.004 -1"><span class='ocrx_word' id='word_1_183' title='bbox 892 3039 1173 3098; x_wconf 78' lang='lat' dir='ltr'>celebrare</span> <span class='ocrx_word' id='word_1_184' title='bbox 1206 3036 1460 3096; x_wconf 74' lang='lat' dir='ltr'>sedendo.</span> 
     </span>
    </p>
   </div>
   <div class='ocr_carea' id='block_1_10' title="bbox 803 3222 2373 5553">
    <p class='ocr_par' dir='ltr' id='par_1_10' title="bbox 814 3222 2373 3773">
     <span class='ocr_line' id='line_1_28' title="bbox 942 3222 2373 3304; baseline -0.001 -18"><span class='ocrx_word' id='word_1_185' title='bbox 942 3227 1019 3286; x_wconf 75' lang='lat' dir='ltr'><strong>V.</strong></span> <span class='ocrx_word' id='word_1_186' title='bbox 1072 3227 1149 3287; x_wconf 85' lang='lat' dir='ltr'>Ut</span> <span class='ocrx_word' id='word_1_187' title='bbox 1189 3224 1517 3287; x_wconf 79' lang='lat' dir='ltr'>ordinatim</span> <span class='ocrx_word' id='word_1_188' title='bbox 1546 3222 1936 3304; x_wconf 75' lang='lat' dir='ltr'>procedamus</span> <span class='ocrx_word' id='word_1_189' title='bbox 1958 3268 1974 3295; x_wconf 98' lang='lat'>,</span> <span class='ocrx_word' id='word_1_190' title='bbox 2003 3241 2373 3303; x_wconf 83' lang='lat' dir='ltr'>exponemus</span> 
     </span>
     <span class='ocr_line' id='line_1_29' title="bbox 821 3316 2368 3400; baseline -0.002 -20"><span class='ocrx_word' id='word_1_191' title='bbox 821 3320 1022 3400; x_wconf 88' lang='lat' dir='ltr'>primo</span> <span class='ocrx_word' id='word_1_192' title='bbox 1060 3319 1190 3380; x_wconf 89' lang='lat' dir='ltr'>loeo</span> <span class='ocrx_word' id='word_1_193' title='bbox 1222 3338 1384 3398; x_wconf 84' lang='lat' dir='ltr'>quae</span> <span class='ocrx_word' id='word_1_194' title='bbox 1424 3316 1824 3397; x_wconf 79' lang='lat' dir='ltr'>recipiendam</span> <span class='ocrx_word' id='word_1_195' title='bbox 1863 3334 2042 3395; x_wconf 87' lang='lat' dir='ltr'>porro</span> <span class='ocrx_word' id='word_1_196' title='bbox 2085 3317 2368 3377; x_wconf 87' lang='lat' dir='ltr'>Commu-</span> 
     </span>
     <span class='ocr_line' id='line_1_30' title="bbox 816 3410 2368 3482; baseline -0.002 -8"><span class='ocrx_word' id='word_1_197' title='bbox 816 3413 1062 3475; x_wconf 86' lang='lat' dir='ltr'>nionem</span> <span class='ocrx_word' id='word_1_198' title='bbox 1090 3421 1496 3482; x_wconf 82' lang='lat' dir='ltr'>concernunt,</span> <span class='ocrx_word' id='word_1_199' title='bbox 1526 3410 1744 3472; x_wconf 88' lang='lat' dir='ltr'>omissa</span> <span class='ocrx_word' id='word_1_200' title='bbox 1776 3410 2176 3471; x_wconf 81' lang='lat' dir='ltr'>celebratione</span> <span class='ocrx_word' id='word_1_201' title='bbox 2222 3411 2368 3472; x_wconf 85' lang='lat' dir='ltr'>Mis-</span> 
     </span>
     <span class='ocr_line' id='line_1_31' title="bbox 823 3504 2368 3587; baseline -0.003 -16"><span class='ocrx_word' id='word_1_202' title='bbox 823 3528 923 3571; x_wconf 83' lang='lat' dir='ltr'>sae</span> <span class='ocrx_word' id='word_1_203' title='bbox 953 3529 988 3571; x_wconf 97' lang='lat' dir='ltr'>a</span> <span class='ocrx_word' id='word_1_204' title='bbox 1018 3509 1258 3569; x_wconf 81' lang='lat' dir='ltr'>sedente</span> <span class='ocrx_word' id='word_1_205' title='bbox 1285 3505 1644 3587; x_wconf 88' lang='lat' dir='ltr'>perficienda</span> <span class='ocrx_word' id='word_1_206' title='bbox 1664 3551 1680 3578; x_wconf 91' lang='lat'>,</span> <span class='ocrx_word' id='word_1_207' title='bbox 1712 3504 1852 3565; x_wconf 90' lang='lat' dir='ltr'>inde</span> <span class='ocrx_word' id='word_1_208' title='bbox 1893 3506 2145 3585; x_wconf 79' lang='lat' dir='ltr'>gradum</span> <span class='ocrx_word' id='word_1_209' title='bbox 2176 3504 2368 3566; x_wconf 82' lang='lat' dir='ltr'>sactu-</span> 
     </span>
     <span class='ocr_line' id='line_1_32' title="bbox 817 3598 2366 3683; baseline -0.003 -20"><span class='ocrx_word' id='word_1_210' title='bbox 817 3602 870 3663; x_wconf 91' lang='lat' dir='ltr'>ri</span> <span class='ocrx_word' id='word_1_211' title='bbox 897 3604 971 3665; x_wconf 95' lang='lat' dir='ltr'>ad</span> <span class='ocrx_word' id='word_1_212' title='bbox 1008 3611 1236 3683; x_wconf 89' lang='lat' dir='ltr'>partem</span> <span class='ocrx_word' id='word_1_213' title='bbox 1283 3600 1570 3671; x_wconf 85' lang='lat' dir='ltr'>alteram,</span> <span class='ocrx_word' id='word_1_214' title='bbox 1613 3617 1770 3679; x_wconf 88' lang='lat' dir='ltr'>qnae</span> <span class='ocrx_word' id='word_1_215' title='bbox 1795 3598 2249 3659; x_wconf 90' lang='lat' dir='ltr'>Communionis</span> <span class='ocrx_word' id='word_1_216' title='bbox 2277 3598 2366 3659; x_wconf 92' lang='lat' dir='ltr'>lo-</span> 
     </span>
     <span class='ocr_line' id='line_1_33' title="bbox 814 3692 2153 3773; baseline -0.004 -15"><span class='ocrx_word' id='word_1_217' title='bbox 814 3716 890 3758; x_wconf 88' lang='lat' dir='ltr'>eo</span> <span class='ocrx_word' id='word_1_218' title='bbox 916 3698 1160 3759; x_wconf 79' lang='lat' dir='ltr'>Missam</span> <span class='ocrx_word' id='word_1_219' title='bbox 1187 3716 1222 3757; x_wconf 90' lang='lat' dir='ltr'>a</span> <span class='ocrx_word' id='word_1_220' title='bbox 1252 3695 1494 3756; x_wconf 83' lang='lat' dir='ltr'>sedente</span> <span class='ocrx_word' id='word_1_221' title='bbox 1518 3693 1808 3755; x_wconf 87' lang='lat' dir='ltr'>celebrari</span> <span class='ocrx_word' id='word_1_222' title='bbox 1839 3692 2153 3773; x_wconf 89' lang='lat' dir='ltr'>permittit.</span> 
     </span>
    </p>

    <p class='ocr_par' dir='ltr' id='par_1_11' title="bbox 803 3788 2367 5553">
     <span class='ocr_line' id='line_1_34' title="bbox 932 3788 2358 3869; baseline -0.002 -17"><span class='ocrx_word' id='word_1_223' title='bbox 932 3791 1041 3852; x_wconf 88' lang='lat' dir='ltr'><strong>VI.</strong></span> <span class='ocrx_word' id='word_1_224' title='bbox 1074 3793 1256 3852; x_wconf 80' lang='lat' dir='ltr'>Docet</span> <span class='ocrx_word' id='word_1_225' title='bbox 1285 3790 1346 3850; x_wconf 88' lang='lat' dir='ltr'>S.</span> <span class='ocrx_word' id='word_1_226' title='bbox 1380 3788 1640 3850; x_wconf 87' lang='lat' dir='ltr'>Thomas</span> <span class='ocrx_word' id='word_1_227' title='bbox 1671 3793 1729 3848; x_wconf 76' lang='lat'><strong>2.</strong></span> <span class='ocrx_word' id='word_1_228' title='bbox 1763 3793 1821 3848; x_wconf 76' lang='lat'><strong>2.</strong></span> <span class='ocrx_word' id='word_1_229' title='bbox 1856 3797 2088 3869; x_wconf 77' lang='lat' dir='ltr'>quaest.</span> <span class='ocrx_word' id='word_1_230' title='bbox 2117 3793 2215 3849; x_wconf 80' lang='lat'><strong>93.</strong></span> <span class='ocrx_word' id='word_1_231' title='bbox 2242 3797 2358 3850; x_wconf 75' lang='lat' dir='ltr'>art.</span> 
     </span>
     <span class='ocr_line' id='line_1_35' title="bbox 820 3881 2361 3965; baseline -0.001 -20"><span class='ocrx_word' id='word_1_232' title='bbox 820 3889 876 3945; x_wconf 92' lang='grc'>1.</span> <span class='ocrx_word' id='word_1_233' title='bbox 926 3883 1019 3944; x_wconf 72' lang='lat' dir='ltr'>Aa</span> <span class='ocrx_word' id='word_1_234' title='bbox 1067 3886 1388 3945; x_wconf 72' lang='lat' dir='ltr'>seeundum:</span> <span class='ocrx_word' id='word_1_235' title='bbox 1436 3888 1629 3965; x_wconf 84' lang='lat' dir='ltr'>justos</span> <span class='ocrx_word' id='word_1_236' title='bbox 1675 3892 1816 3945; x_wconf 92' lang='lat' dir='ltr'>ante</span> <span class='ocrx_word' id='word_1_237' title='bbox 1844 3881 2035 3964; x_wconf 79' lang='lat' dir='ltr'>legem</span> <span class='ocrx_word' id='word_1_238' title='bbox 2085 3882 2361 3943; x_wconf 89' lang='lat' dir='ltr'>interiori</span> 
     </span>
     <span class='ocr_line' id='line_1_36' title="bbox 818 3976 2367 4058; baseline -0.001 -19"><span class='ocrx_word' id='word_1_239' title='bbox 818 3977 1108 4058; x_wconf 85' lang='lat' dir='ltr'>quopiam</span> <span class='ocrx_word' id='word_1_240' title='bbox 1139 3978 1421 4038; x_wconf 88' lang='lat' dir='ltr'>instinctu</span> <span class='ocrx_word' id='word_1_241' title='bbox 1462 3976 1741 4038; x_wconf 87' lang='lat' dir='ltr'>didicisse</span> <span class='ocrx_word' id='word_1_242' title='bbox 1770 3977 2013 4038; x_wconf 91' lang='lat' dir='ltr'>modum</span> <span class='ocrx_word' id='word_1_243' title='bbox 2042 3979 2235 4038; x_wconf 88' lang='lat' dir='ltr'>Deum</span> <span class='ocrx_word' id='word_1_244' title='bbox 2266 3997 2367 4037; x_wconf 90' lang='lat' dir='ltr'>co-</span> 
     </span>
     <span class='ocr_line' id='line_1_37' title="bbox 818 4069 2365 4150; baseline -0.001 -19"><span class='ocrx_word' id='word_1_245' title='bbox 818 4069 1015 4143; x_wconf 80' lang='lat' dir='ltr'>lendi,</span> <span class='ocrx_word' id='word_1_246' title='bbox 1067 4089 1245 4150; x_wconf 89' lang='lat' dir='ltr'>quem</span> <span class='ocrx_word' id='word_1_247' title='bbox 1276 4070 1381 4131; x_wconf 90' lang='lat' dir='ltr'>alii</span> <span class='ocrx_word' id='word_1_248' title='bbox 1411 4088 1653 4150; x_wconf 87' lang='lat' dir='ltr'>quoque</span> <span class='ocrx_word' id='word_1_249' title='bbox 1681 4070 1910 4131; x_wconf 76' lang='lat' dir='ltr'>fuerint</span> <span class='ocrx_word' id='word_1_250' title='bbox 1951 4069 2192 4131; x_wconf 82' lang='lat' dir='ltr'>imitati:</span> <span class='ocrx_word' id='word_1_251' title='bbox 2234 4081 2365 4130; x_wconf 75' lang='lat' dir='ltr'>ante</span> 
     </span>
     <span class='ocr_line' id='line_1_38' title="bbox 816 4163 2363 4244; baseline -0.002 -19"><span class='ocrx_word' id='word_1_252' title='bbox 816 4173 1028 4244; x_wconf 76' lang='lat' dir='ltr'>tempus</span> <span class='ocrx_word' id='word_1_253' title='bbox 1056 4163 1219 4242; x_wconf 77' lang='lat' dir='ltr'>Leqis</span> <span class='ocrx_word' id='word_1_254' title='bbox 1238 4164 1386 4241; x_wconf 83' lang='lat' dir='ltr'>justi</span> <span class='ocrx_word' id='word_1_255' title='bbox 1408 4183 1510 4243; x_wconf 82' lang='lat' dir='ltr'>per</span> <span class='ocrx_word' id='word_1_256' title='bbox 1547 4167 1869 4224; x_wconf 80' lang='lat' dir='ltr'>interiorem</span> <span class='ocrx_word' id='word_1_257' title='bbox 1911 4167 2240 4224; x_wconf 76' lang='lat' dir='ltr'>imtinctum</span> <span class='ocrx_word' id='word_1_258' title='bbox 2270 4166 2363 4223; x_wconf 83' lang='lat' dir='ltr'>iu-</span> 
     </span>
     <span class='ocr_line' id='line_1_39' title="bbox 811 4257 2364 4337; baseline 0.001 -21"><span class='ocrx_word' id='word_1_259' title='bbox 811 4259 1181 4318; x_wconf 73' lang='lat' dir='ltr'>struebantur</span> <span class='ocrx_word' id='word_1_260' title='bbox 1207 4259 1271 4316; x_wconf 84' lang='lat' dir='ltr'>de</span> <span class='ocrx_word' id='word_1_261' title='bbox 1315 4258 1475 4319; x_wconf 80' lang='lat' dir='ltr'>modo</span> <span class='ocrx_word' id='word_1_262' title='bbox 1502 4259 1718 4318; x_wconf 77' lang='lat' dir='ltr'>colendi</span> <span class='ocrx_word' id='word_1_263' title='bbox 1746 4257 1956 4329; x_wconf 86' lang='lat' dir='ltr'>Deum,</span> <span class='ocrx_word' id='word_1_264' title='bbox 1987 4278 2121 4337; x_wconf 84' lang='lat' dir='ltr'>quos</span> <span class='ocrx_word' id='word_1_265' title='bbox 2148 4258 2259 4317; x_wconf 85' lang='lat' dir='ltr'>olii</span> <span class='ocrx_word' id='word_1_266' title='bbox 2285 4278 2364 4318; x_wconf 82' lang='lat' dir='ltr'>se-</span> 
     </span>
     <span class='ocr_line' id='line_1_40' title="bbox 816 4351 2364 4433; baseline 0.001 -22"><span class='ocrx_word' id='word_1_267' title='bbox 816 4353 1154 4430; x_wconf 78' lang='lat' dir='ltr'>quebantur.</span> <span class='ocrx_word' id='word_1_268' title='bbox 1182 4352 1295 4412; x_wconf 89' lang='lat' dir='ltr'>Per</span> <span class='ocrx_word' id='word_1_269' title='bbox 1324 4351 1516 4433; x_wconf 83' lang='lat' dir='ltr'>legem</span> <span class='ocrx_word' id='word_1_270' title='bbox 1549 4371 1686 4413; x_wconf 86' lang='lat' dir='ltr'>vere</span> <span class='ocrx_word' id='word_1_271' title='bbox 1712 4352 2088 4433; x_wconf 86' lang='lat' dir='ltr'>postmodum</span> <span class='ocrx_word' id='word_1_272' title='bbox 2117 4352 2364 4413; x_wconf 84' lang='lat' dir='ltr'>inducta</span> 
     </span>
     <span class='ocr_line' id='line_1_41' title="bbox 812 4442 2359 4526; baseline 0.001 -21"><span class='ocrx_word' id='word_1_273' title='bbox 812 4443 998 4506; x_wconf 73' lang='lat' dir='ltr'>finisse</span> <span class='ocrx_word' id='word_1_274' title='bbox 1028 4453 1340 4525; x_wconf 83' lang='lat' dir='ltr'>praecepta</span> <span class='ocrx_word' id='word_1_275' title='bbox 1366 4455 1647 4519; x_wconf 83' lang='lat' dir='ltr'>externa,</span> <span class='ocrx_word' id='word_1_276' title='bbox 1681 4446 1905 4526; x_wconf 88' lang='lat' dir='ltr'>quibus</span> <span class='ocrx_word' id='word_1_277' title='bbox 1944 4446 2020 4509; x_wconf 92' lang='lat' dir='ltr'>ad</span> <span class='ocrx_word' id='word_1_278' title='bbox 2063 4442 2138 4508; x_wconf 84' lang='lat' dir='ltr'>ea</span> <span class='ocrx_word' id='word_1_279' title='bbox 2174 4445 2359 4526; x_wconf 70' lang='lat' dir='ltr'>perfi-</span> 
     </span>
     <span class='ocr_line' id='line_1_42' title="bbox 807 4536 2359 4620; baseline 0.001 -21"><span class='ocrx_word' id='word_1_280' title='bbox 807 4536 1020 4599; x_wconf 78' lang='lat' dir='ltr'>cienda</span> <span class='ocrx_word' id='word_1_281' title='bbox 1041 4583 1057 4609; x_wconf 95' lang='lat'>,</span> <span class='ocrx_word' id='word_1_282' title='bbox 1090 4546 1150 4598; x_wconf 90' lang='lat' dir='ltr'>et</span> <span class='ocrx_word' id='word_1_283' title='bbox 1195 4538 1650 4607; x_wconf 83' lang='lat' dir='ltr'>instruebantur</span> <span class='ocrx_word' id='word_1_284' title='bbox 1668 4583 1687 4611; x_wconf 88' lang='lat'>,</span> <span class='ocrx_word' id='word_1_285' title='bbox 1728 4548 1789 4600; x_wconf 91' lang='lat' dir='ltr'>et</span> <span class='ocrx_word' id='word_1_286' title='bbox 1826 4539 2359 4620; x_wconf 74' lang='lat' dir='ltr'>adstringebantur</span> 
     </span>
     <span class='ocr_line' id='line_1_43' title="bbox 809 4629 2360 4712; baseline 0.001 -21"><span class='ocrx_word' id='word_1_287' title='bbox 809 4629 1108 4692; x_wconf 84' lang='lat' dir='ltr'>homines:</span> <span class='ocrx_word' id='word_1_288' title='bbox 1158 4634 1509 4711; x_wconf 80' lang='lat' dir='ltr'>postmodum</span> <span class='ocrx_word' id='word_1_289' title='bbox 1554 4653 1680 4692; x_wconf 79' lang='lat' dir='ltr'>cero</span> <span class='ocrx_word' id='word_1_290' title='bbox 1716 4634 2087 4693; x_wconf 74' lang='lat' dir='ltr'>emterioribus</span> <span class='ocrx_word' id='word_1_291' title='bbox 2133 4653 2360 4712; x_wconf 80' lang='lat' dir='ltr'>praece-</span> 
     </span>
     <span class='ocr_line' id='line_1_44' title="bbox 803 4726 2360 4808; baseline 0.001 -22"><span class='ocrx_word' id='word_1_292' title='bbox 803 4728 956 4808; x_wconf 70' lang='lat' dir='ltr'>ptis,</span> <span class='ocrx_word' id='word_1_293' title='bbox 993 4726 1191 4807; x_wconf 82' lang='lat' dir='ltr'>pergit</span> <span class='ocrx_word' id='word_1_294' title='bbox 1217 4726 1536 4808; x_wconf 79' lang='lat' dir='ltr'>Angelicus</span> <span class='ocrx_word' id='word_1_295' title='bbox 1562 4728 1813 4799; x_wconf 87' lang='lat' dir='ltr'>Doctor,</span> <span class='ocrx_word' id='word_1_296' title='bbox 1842 4729 1995 4787; x_wconf 82' lang='lat' dir='ltr'>circa</span> <span class='ocrx_word' id='word_1_297' title='bbox 2034 4728 2132 4787; x_wconf 76' lang='lat' dir='ltr'>hoc</span> <span class='ocrx_word' id='word_1_298' title='bbox 2176 4729 2360 4797; x_wconf 59' lang='lat' dir='ltr'>homi-2</span> 
     </span>
     <span class='ocr_line' id='line_1_45' title="bbox 807 4820 2350 4899; baseline 0.001 -19"><span class='ocrx_word' id='word_1_299' title='bbox 807 4838 904 4880; x_wconf 68' lang='lat' dir='ltr'>nes</span> <span class='ocrx_word' id='word_1_300' title='bbox 929 4830 1062 4879; x_wconf 80' lang='lat' dir='ltr'>suut</span> <span class='ocrx_word' id='word_1_301' title='bbox 1091 4822 1358 4879; x_wconf 74' lang='lat' dir='ltr'>instructi</span> <span class='ocrx_word' id='word_1_302' title='bbox 1381 4838 1523 4897; x_wconf 83' lang='lat' dir='ltr'>quae</span> <span class='ocrx_word' id='word_1_303' title='bbox 1551 4821 1858 4897; x_wconf 77' lang='lat' dir='ltr'>praeterire</span> <span class='ocrx_word' id='word_1_304' title='bbox 1883 4820 2217 4899; x_wconf 72' lang='lat' dir='ltr'>pestiferum</span> <span class='ocrx_word' id='word_1_305' title='bbox 2251 4833 2350 4882; x_wconf 76' lang='lat' dir='ltr'>est.</span> 
     </span>
     <span class='ocr_line' id='line_1_46' title="bbox 826 4913 2355 5001; baseline 0.002 -29"><span class='ocrx_word' id='word_1_306' title='bbox 826 4956 831 4962; x_wconf 80' lang='lat'>-</span> <span class='ocrx_word' id='word_1_307' title='bbox 923 4914 1064 4973; x_wconf 86' lang='lat' dir='ltr'><strong>vll.</strong></span> <span class='ocrx_word' id='word_1_308' title='bbox 1096 4914 1403 4994; x_wconf 83' lang='lat' dir='ltr'>Abrogata</span> <span class='ocrx_word' id='word_1_309' title='bbox 1432 4913 1811 4992; x_wconf 86' lang='lat' dir='ltr'>postmodnm</span> <span class='ocrx_word' id='word_1_310' title='bbox 1855 4933 1961 4993; x_wconf 90' lang='lat' dir='ltr'>per</span> <span class='ocrx_word' id='word_1_311' title='bbox 1987 4913 2209 5001; x_wconf 74' lang='lat' dir='ltr'>Christi</span> <span class='ocrx_word' id='word_1_312' title='bbox 2247 4915 2355 4977; x_wconf 91' lang='lat' dir='ltr'>ad-</span> 
     </span>
     <span class='ocr_line' id='line_1_47' title="bbox 806 5006 2355 5087; baseline -0.002 -15"><span class='ocrx_word' id='word_1_313' title='bbox 806 5016 1055 5073; x_wconf 79' lang='lat' dir='ltr'>ventum</span> <span class='ocrx_word' id='word_1_314' title='bbox 1089 5007 1382 5069; x_wconf 83' lang='lat' dir='ltr'>Mosaicae</span> <span class='ocrx_word' id='word_1_315' title='bbox 1411 5006 1585 5087; x_wconf 81' lang='lat' dir='ltr'>Legis</span> <span class='ocrx_word' id='word_1_316' title='bbox 1620 5007 2035 5081; x_wconf 84' lang='lat' dir='ltr'>observantia,</span> <span class='ocrx_word' id='word_1_317' title='bbox 2067 5015 2128 5068; x_wconf 87' lang='lat' dir='ltr'>et</span> <span class='ocrx_word' id='word_1_318' title='bbox 2154 5009 2355 5070; x_wconf 86' lang='lat' dir='ltr'>Evan-</span> 
     </span>
     <span class='ocr_line' id='line_1_48' title="bbox 806 5101 2358 5184; baseline 0 -21"><span class='ocrx_word' id='word_1_319' title='bbox 806 5102 965 5184; x_wconf 81' lang='lat' dir='ltr'>gelio</span> <span class='ocrx_word' id='word_1_320' title='bbox 1010 5102 1422 5183; x_wconf 87' lang='lat' dir='ltr'>promulgato,</span> <span class='ocrx_word' id='word_1_321' title='bbox 1478 5119 1599 5160; x_wconf 90' lang='lat' dir='ltr'>non</span> <span class='ocrx_word' id='word_1_322' title='bbox 1641 5101 1885 5182; x_wconf 91' lang='lat' dir='ltr'>quidem</span> <span class='ocrx_word' id='word_1_323' title='bbox 1933 5120 2141 5162; x_wconf 89' lang='lat' dir='ltr'>omnes</span> <span class='ocrx_word' id='word_1_324' title='bbox 2184 5103 2358 5164; x_wconf 86' lang='lat' dir='ltr'>Ritus</span> 
     </span>
     <span class='ocr_line' id='line_1_49' title="bbox 808 5193 2358 5266; baseline -0.001 -8"><span class='ocrx_word' id='word_1_325' title='bbox 808 5196 885 5259; x_wconf 92' lang='lat' dir='ltr'>ad</span> <span class='ocrx_word' id='word_1_326' title='bbox 918 5195 1441 5257; x_wconf 82' lang='lat' dir='ltr'>Sacramentorum</span> <span class='ocrx_word' id='word_1_327' title='bbox 1474 5193 2077 5266; x_wconf 83' lang='lat' dir='ltr'>administrationem,</span> <span class='ocrx_word' id='word_1_328' title='bbox 2118 5194 2358 5257; x_wconf 84' lang='lat' dir='ltr'>Missae-</span> 
     </span>
     <span class='ocr_line' id='line_1_50' title="bbox 809 5286 2360 5369; baseline 0 -19"><span class='ocrx_word' id='word_1_329' title='bbox 809 5308 931 5369; x_wconf 84' lang='lat' dir='ltr'>que</span> <span class='ocrx_word' id='word_1_330' title='bbox 948 5287 1416 5355; x_wconf 84' lang='lat' dir='ltr'>celebrationem</span> <span class='ocrx_word' id='word_1_331' title='bbox 1433 5286 1797 5365; x_wconf 83' lang='lat' dir='ltr'>pertinentes</span> <span class='ocrx_word' id='word_1_332' title='bbox 1816 5288 1894 5349; x_wconf 86' lang='lat' dir='ltr'>ab</span> <span class='ocrx_word' id='word_1_333' title='bbox 1916 5289 1964 5347; x_wconf 84' lang='lat' dir='ltr'>A</span> <span class='ocrx_word' id='word_1_334' title='bbox 1970 5287 2217 5367; x_wconf 87' lang='lat' dir='ltr'>postolis</span> <span class='ocrx_word' id='word_1_335' title='bbox 2236 5288 2360 5350; x_wconf 80' lang='lat' dir='ltr'>fue-</span> 
     </span>
     <span class='ocr_line' id='line_1_51' title="bbox 813 5378 2359 5459; baseline 0.001 -17"><span class='ocrx_word' id='word_1_336' title='bbox 813 5400 880 5442; x_wconf 89' lang='lat' dir='ltr'>re</span> <span class='ocrx_word' id='word_1_337' title='bbox 919 5381 1176 5442; x_wconf 86' lang='lat' dir='ltr'>iustituti</span> <span class='ocrx_word' id='word_1_338' title='bbox 1199 5425 1215 5451; x_wconf 95' lang='lat'>,</span> <span class='ocrx_word' id='word_1_339' title='bbox 1261 5380 1617 5440; x_wconf 85' lang='lat' dir='ltr'>sedeorum</span> <span class='ocrx_word' id='word_1_340' title='bbox 1667 5378 1943 5459; x_wconf 86' lang='lat' dir='ltr'>plerique</span> <span class='ocrx_word' id='word_1_341' title='bbox 1985 5381 2065 5441; x_wconf 90' lang='lat' dir='ltr'>ab</span> <span class='ocrx_word' id='word_1_342' title='bbox 2095 5380 2359 5444; x_wconf 83' lang='lat' dir='ltr'>Ecclesia</span> 
     </span>
     <span class='ocr_line' id='line_1_52' title="bbox 818 5470 2357 5553; baseline 0 -19"><span class='ocrx_word' id='word_1_343' title='bbox 818 5472 1199 5553; x_wconf 85' lang='lat' dir='ltr'>praescripti,</span> <span class='ocrx_word' id='word_1_344' title='bbox 1229 5472 1391 5551; x_wconf 87' lang='lat' dir='ltr'>quod</span> <span class='ocrx_word' id='word_1_345' title='bbox 1424 5479 1620 5533; x_wconf 84' lang='lat' dir='ltr'>tamen</span> <span class='ocrx_word' id='word_1_346' title='bbox 1651 5470 1900 5531; x_wconf 90' lang='lat' dir='ltr'>minime</span> <span class='ocrx_word' id='word_1_347' title='bbox 1926 5472 2171 5543; x_wconf 85' lang='lat' dir='ltr'>evincit,</span> <span class='ocrx_word' id='word_1_348' title='bbox 2206 5474 2357 5553; x_wconf 89' lang='lat' dir='ltr'>quin</span> 
     </span>
    </p>
   </div>
   <div class='ocr_carea' id='block_1_11' title="bbox 2463 1056 4033 5556">
    <p class='ocr_par' dir='ltr' id='par_1_12' title="bbox 2477 1056 4033 2431">
     <span class='ocr_line' id='line_1_53' title="bbox 2490 1056 4031 1139; baseline 0.006 -26"><span class='ocrx_word' id='word_1_349' title='bbox 2490 1056 2672 1114; x_wconf 81' lang='lat' dir='ltr'>dinem</span> <span class='ocrx_word' id='word_1_350' title='bbox 2696 1060 2837 1138; x_wconf 79' lang='lat' dir='ltr'>fiant</span> <span class='ocrx_word' id='word_1_351' title='bbox 2869 1061 2930 1117; x_wconf 82' lang='lat' dir='ltr'>in</span> <span class='ocrx_word' id='word_1_352' title='bbox 2957 1061 3127 1118; x_wconf 74' lang='lat' dir='ltr'>mois:</span> <span class='ocrx_word' id='word_1_353' title='bbox 3159 1059 3356 1139; x_wconf 82' lang='lat' dir='ltr'>inquit</span> <span class='ocrx_word' id='word_1_354' title='bbox 3377 1105 3393 1132; x_wconf 91' lang='lat'>,</span> <span class='ocrx_word' id='word_1_355' title='bbox 3423 1061 3692 1122; x_wconf 84' lang='lat' dir='ltr'>adactam</span> <span class='ocrx_word' id='word_1_356' title='bbox 3721 1059 3904 1121; x_wconf 70' lang='lat' dir='ltr'>fuisse</span> <span class='ocrx_word' id='word_1_357' title='bbox 3927 1063 4031 1122; x_wconf 84' lang='lat' dir='ltr'>Ee-</span> 
     </span>
     <span class='ocr_line' id='line_1_54' title="bbox 2487 1147 4030 1214; baseline 0.004 -7"><span class='ocrx_word' id='word_1_358' title='bbox 2487 1147 2727 1210; x_wconf 83' lang='lat' dir='ltr'>clesiam</span> <span class='ocrx_word' id='word_1_359' title='bbox 2780 1152 2854 1212; x_wconf 87' lang='lat' dir='ltr'>ad</span> <span class='ocrx_word' id='word_1_360' title='bbox 2904 1152 3384 1212; x_wconf 80' lang='lat' dir='ltr'>constituendum</span> <span class='ocrx_word' id='word_1_361' title='bbox 3439 1153 3710 1214; x_wconf 86' lang='lat' dir='ltr'>ordinem</span> <span class='ocrx_word' id='word_1_362' title='bbox 3752 1154 4030 1214; x_wconf 87' lang='lat' dir='ltr'>stabilem</span> 
     </span>
     <span class='ocr_line' id='line_1_55' title="bbox 2487 1242 4030 1326; baseline 0.003 -24"><span class='ocrx_word' id='word_1_363' title='bbox 2487 1242 2642 1303; x_wconf 90' lang='lat' dir='ltr'>circa</span> <span class='ocrx_word' id='word_1_364' title='bbox 2673 1263 2768 1304; x_wconf 87' lang='lat' dir='ltr'>res</span> <span class='ocrx_word' id='word_1_365' title='bbox 2799 1243 2980 1305; x_wconf 85' lang='lat' dir='ltr'>etiam</span> <span class='ocrx_word' id='word_1_366' title='bbox 3017 1244 3446 1306; x_wconf 87' lang='lat' dir='ltr'>minutissimas</span> <span class='ocrx_word' id='word_1_367' title='bbox 3472 1256 3800 1326; x_wconf 82' lang='lat' dir='ltr'>spectantes</span> <span class='ocrx_word' id='word_1_368' title='bbox 3823 1247 3895 1307; x_wconf 89' lang='lat' dir='ltr'>ad</span> <span class='ocrx_word' id='word_1_369' title='bbox 3925 1247 4030 1307; x_wconf 80' lang='lat' dir='ltr'>ni-</span> 
     </span>
     <span class='ocr_line' id='line_1_56' title="bbox 2487 1336 4028 1409; baseline 0.003 -14"><span class='ocrx_word' id='word_1_370' title='bbox 2487 1343 2614 1395; x_wconf 90' lang='lat' dir='ltr'>tnm</span> <span class='ocrx_word' id='word_1_371' title='bbox 2657 1336 3115 1399; x_wconf 88' lang='lat' dir='ltr'>administrandi</span> <span class='ocrx_word' id='word_1_372' title='bbox 3150 1339 3563 1409; x_wconf 82' lang='lat' dir='ltr'>Sacramenta,</span> <span class='ocrx_word' id='word_1_373' title='bbox 3597 1348 3655 1400; x_wconf 88' lang='lat' dir='ltr'>et</span> <span class='ocrx_word' id='word_1_374' title='bbox 3691 1339 3903 1400; x_wconf 85' lang='lat' dir='ltr'>Missae</span> <span class='ocrx_word' id='word_1_375' title='bbox 3923 1339 4028 1400; x_wconf 65' lang='lat' dir='ltr'>‘ce-</span> 
     </span>
     <span class='ocr_line' id='line_1_57' title="bbox 2489 1427 4030 1513; baseline 0.004 -25"><span class='ocrx_word' id='word_1_376' title='bbox 2489 1427 2843 1503; x_wconf 78' lang='lat' dir='ltr'>lebrandae,</span> <span class='ocrx_word' id='word_1_377' title='bbox 2873 1443 2924 1492; x_wconf 79' lang='lat' dir='ltr'>e!</span> <span class='ocrx_word' id='word_1_378' title='bbox 2971 1433 3091 1491; x_wconf 87' lang='lat' dir='ltr'>ideo</span> <span class='ocrx_word' id='word_1_379' title='bbox 3116 1445 3325 1513; x_wconf 78' lang='lat' dir='ltr'>oportet</span> <span class='ocrx_word' id='word_1_380' title='bbox 3367 1436 3429 1492; x_wconf 84' lang='lat' dir='ltr'>in</span> <span class='ocrx_word' id='word_1_381' title='bbox 3456 1435 3543 1492; x_wconf 74' lang='lat' dir='ltr'>his</span> <span class='ocrx_word' id='word_1_382' title='bbox 3568 1436 3822 1493; x_wconf 79' lang='lat' dir='ltr'>omnibus</span> <span class='ocrx_word' id='word_1_383' title='bbox 3859 1437 4030 1494; x_wconf 82' lang='lat' dir='ltr'>etiam</span> 
     </span>
     <span class='ocr_line' id='line_1_58' title="bbox 2487 1526 4033 1588; baseline 0.005 -7"><span class='ocrx_word' id='word_1_384' title='bbox 2487 1526 2880 1586; x_wconf 70' lang='lat' dir='ltr'>minutissimis</span> <span class='ocrx_word' id='word_1_385' title='bbox 2912 1538 3126 1587; x_wconf 74' lang='lat' dir='ltr'>certum</span> <span class='ocrx_word' id='word_1_386' title='bbox 3155 1529 3405 1587; x_wconf 78' lang='lat' dir='ltr'>ordinem</span> <span class='ocrx_word' id='word_1_387' title='bbox 3443 1531 3515 1588; x_wconf 82' lang='lat' dir='ltr'>ab</span> <span class='ocrx_word' id='word_1_388' title='bbox 3542 1529 3798 1588; x_wconf 79' lang='lat' dir='ltr'>Ecclesia-</span> <span class='ocrx_word' id='word_1_389' title='bbox 3825 1531 4033 1588; x_wconf 67' lang='lat' dir='ltr'>consei-</span> 
     </span>
     <span class='ocr_line' id='line_1_59' title="bbox 2489 1620 4032 1703; baseline 0.005 -26"><span class='ocrx_word' id='word_1_390' title='bbox 2489 1622 2599 1678; x_wconf 75' lang='lat' dir='ltr'>tui:</span> <span class='ocrx_word' id='word_1_391' title='bbox 2629 1620 2677 1679; x_wconf 88' lang='lat' dir='ltr'>si</span> <span class='ocrx_word' id='word_1_392' title='bbox 2723 1641 2983 1701; x_wconf 89' lang='lat' dir='ltr'>namque</span> <span class='ocrx_word' id='word_1_393' title='bbox 3018 1624 3308 1703; x_wconf 83' lang='lat' dir='ltr'>cujusque</span> <span class='ocrx_word' id='word_1_394' title='bbox 3350 1622 3670 1684; x_wconf 88' lang='lat' dir='ltr'>arbitratui</span> <span class='ocrx_word' id='word_1_395' title='bbox 3715 1622 3776 1682; x_wconf 83' lang='lat' dir='ltr'>id</span> <span class='ocrx_word' id='word_1_396' title='bbox 3823 1622 4032 1684; x_wconf 83' lang='lat' dir='ltr'>suisset</span> 
     </span>
     <span class='ocr_line' id='line_1_60' title="bbox 2486 1711 4029 1797; baseline 0.003 -26"><span class='ocrx_word' id='word_1_397' title='bbox 2486 1711 2795 1786; x_wconf 88' lang='lat' dir='ltr'>relictum,</span> <span class='ocrx_word' id='word_1_398' title='bbox 2850 1717 3034 1776; x_wconf 70' lang='lat' dir='ltr'>multa</span> <span class='ocrx_word' id='word_1_399' title='bbox 3079 1716 3361 1784; x_wconf 78' lang='lat' dir='ltr'>indecore,</span> <span class='ocrx_word' id='word_1_400' title='bbox 3413 1727 3463 1774; x_wconf 78' lang='lat' dir='ltr'>et</span> <span class='ocrx_word' id='word_1_401' title='bbox 3501 1716 3883 1796; x_wconf 73' lang='lat' dir='ltr'>imprudenter</span> <span class='ocrx_word' id='word_1_402' title='bbox 3927 1717 4029 1797; x_wconf 72' lang='lat' dir='ltr'>fie-</span> 
     </span>
     <span class='ocr_line' id='line_1_61' title="bbox 2485 1808 4028 1888; baseline 0.006 -24"><span class='ocrx_word' id='word_1_403' title='bbox 2485 1818 2635 1865; x_wconf 77' lang='lat' dir='ltr'>rent.-</span> <span class='ocrx_word' id='word_1_404' title='bbox 2665 1808 2814 1887; x_wconf 86' lang='lat' dir='ltr'>quid</span> <span class='ocrx_word' id='word_1_405' title='bbox 2842 1809 3002 1888; x_wconf 85' lang='lat' dir='ltr'>quod</span> <span class='ocrx_word' id='word_1_406' title='bbox 3030 1809 3236 1869; x_wconf 85' lang='lat' dir='ltr'>eadem</span> <span class='ocrx_word' id='word_1_407' title='bbox 3272 1828 3478 1870; x_wconf 89' lang='lat' dir='ltr'>omnes</span> <span class='ocrx_word' id='word_1_408' title='bbox 3505 1810 3753 1870; x_wconf 83' lang='lat' dir='ltr'>Rituum</span> <span class='ocrx_word' id='word_1_409' title='bbox 3786 1810 3942 1871; x_wconf 86' lang='lat' dir='ltr'>ratio</span> <span class='ocrx_word' id='word_1_410' title='bbox 3966 1820 4028 1873; x_wconf 85' lang='lat' dir='ltr'>et</span> 
     </span>
     <span class='ocr_line' id='line_1_62' title="bbox 2483 1901 4026 1976; baseline 0.003 -15"><span class='ocrx_word' id='word_1_411' title='bbox 2483 1901 2780 1963; x_wconf 78' lang='lat' dir='ltr'>Ecclesiae</span> <span class='ocrx_word' id='word_1_412' title='bbox 2832 1903 3121 1964; x_wconf 89' lang='lat' dir='ltr'>unitatem</span> <span class='ocrx_word' id='word_1_413' title='bbox 3171 1903 3574 1976; x_wconf 89' lang='lat' dir='ltr'>commendet,</span> <span class='ocrx_word' id='word_1_414' title='bbox 3626 1914 3686 1966; x_wconf 88' lang='lat' dir='ltr'>et</span> <span class='ocrx_word' id='word_1_415' title='bbox 3734 1906 4026 1966; x_wconf 88' lang='lat' dir='ltr'>intentam</span> 
     </span>
     <span class='ocr_line' id='line_1_63' title="bbox 2485 1995 4022 2078; baseline 0.004 -25"><span class='ocrx_word' id='word_1_416' title='bbox 2485 1995 2795 2056; x_wconf 87' lang='lat' dir='ltr'>Pastorum</span> <span class='ocrx_word' id='word_1_417' title='bbox 2842 1996 3351 2059; x_wconf 71' lang='lat' dir='ltr'>sollicitudinem?</span> <span class='ocrx_word' id='word_1_418' title='bbox 3402 1998 3560 2059; x_wconf 81' lang='lat' dir='ltr'>Haec</span> <span class='ocrx_word' id='word_1_419' title='bbox 3611 2001 3978 2078; x_wconf 70' lang='lat' dir='ltr'>uniformitas</span> <span class='ocrx_word' id='word_1_420' title='bbox 4005 2048 4022 2070; x_wconf 93' lang='lat'>,</span> 
     </span>
     <span class='ocr_line' id='line_1_64' title="bbox 2482 2091 4026 2174; baseline 0.003 -25"><span class='ocrx_word' id='word_1_421' title='bbox 2482 2109 2624 2167; x_wconf 83' lang='lat' dir='ltr'>quoe</span> <span class='ocrx_word' id='word_1_422' title='bbox 2653 2093 2712 2147; x_wconf 85' lang='lat' dir='ltr'>iu</span> <span class='ocrx_word' id='word_1_423' title='bbox 2741 2091 2828 2148; x_wconf 79' lang='lat' dir='ltr'>his</span> <span class='ocrx_word' id='word_1_424' title='bbox 2852 2093 3108 2150; x_wconf 80' lang='lat' dir='ltr'>omuibus</span> <span class='ocrx_word' id='word_1_425' title='bbox 3135 2103 3394 2151; x_wconf 74' lang='lat' dir='ltr'>sert-atur</span> <span class='ocrx_word' id='word_1_426' title='bbox 3412 2140 3427 2162; x_wconf 97' lang='lat'>,</span> <span class='ocrx_word' id='word_1_427' title='bbox 3458 2094 3534 2153; x_wconf 84' lang='lat' dir='ltr'>ad</span> <span class='ocrx_word' id='word_1_428' title='bbox 3569 2094 3911 2174; x_wconf 76' lang='lat' dir='ltr'>splendorem</span> <span class='ocrx_word' id='word_1_429' title='bbox 3936 2093 4026 2171; x_wconf 69' lang='lat' dir='ltr'>of·-</span> 
     </span>
     <span class='ocr_line' id='line_1_65' title="bbox 2478 2184 4027 2266; baseline 0.004 -24"><span class='ocrx_word' id='word_1_430' title='bbox 2478 2184 2598 2264; x_wconf 78' lang='lat' dir='ltr'>ficii</span> <span class='ocrx_word' id='word_1_431' title='bbox 2623 2184 3008 2245; x_wconf 66' lang='lat' dir='ltr'>Ecclesia-§tici</span> <span class='ocrx_word' id='word_1_432' title='bbox 3048 2197 3255 2266; x_wconf 75' lang='lat' dir='ltr'>spectat</span> <span class='ocrx_word' id='word_1_433' title='bbox 3283 2234 3298 2256; x_wconf 94' lang='lat'>,</span> <span class='ocrx_word' id='word_1_434' title='bbox 3338 2198 3390 2247; x_wconf 79' lang='lat' dir='ltr'>et</span> <span class='ocrx_word' id='word_1_435' title='bbox 3422 2190 3698 2248; x_wconf 74' lang='lat' dir='ltr'>unitatem</span> <span class='ocrx_word' id='word_1_436' title='bbox 3741 2187 4027 2248; x_wconf 74' lang='lat' dir='ltr'>Ecclesiae</span> 
     </span>
     <span class='ocr_line' id='line_1_66' title="bbox 2477 2279 4024 2359; baseline 0.004 -24"><span class='ocrx_word' id='word_1_437' title='bbox 2477 2280 2852 2349; x_wconf 66' lang='lat' dir='ltr'>commundat,</span> <span class='ocrx_word' id='word_1_438' title='bbox 2887 2291 2937 2338; x_wconf 81' lang='lat' dir='ltr'>et</span> <span class='ocrx_word' id='word_1_439' title='bbox 2967 2279 3272 2340; x_wconf 75' lang='lat' dir='ltr'>Pastorum</span> <span class='ocrx_word' id='word_1_440' title='bbox 3304 2282 3422 2359; x_wconf 84' lang='lat' dir='ltr'>ejus</span> <span class='ocrx_word' id='word_1_441' title='bbox 3456 2302 3651 2342; x_wconf 81' lang='lat' dir='ltr'>curam</span> <span class='ocrx_word' id='word_1_442' title='bbox 3672 2330 3686 2351; x_wconf 93' lang='lat'>,</span> <span class='ocrx_word' id='word_1_443' title='bbox 3716 2302 3784 2342; x_wconf 85' lang='lat' dir='ltr'>oc</span> <span class='ocrx_word' id='word_1_444' title='bbox 3808 2284 4024 2342; x_wconf 78' lang='lat' dir='ltr'>sollici·</span> 
     </span>
     <span class='ocr_line' id='line_1_67' title="bbox 2479 2374 2748 2431; baseline 0.007 -3"><span class='ocrx_word' id='word_1_445' title='bbox 2479 2374 2748 2431; x_wconf 75' lang='lat' dir='ltr'>tudinem.</span> 
     </span>
    </p>

    <p class='ocr_par' dir='ltr' id='par_1_13' title="bbox 2469 2466 4021 3847">
     <span class='ocr_line' id='line_1_68' title="bbox 2598 2466 4021 2550; baseline 0.004 -25"><span class='ocrx_word' id='word_1_446' title='bbox 2598 2466 2764 2526; x_wconf 83' lang='lat' dir='ltr'>vul.</span> <span class='ocrx_word' id='word_1_447' title='bbox 2783 2467 2915 2527; x_wconf 85' lang='lat' dir='ltr'>Jam</span> <span class='ocrx_word' id='word_1_448' title='bbox 2939 2486 3083 2529; x_wconf 86' lang='lat' dir='ltr'>vero</span> <span class='ocrx_word' id='word_1_449' title='bbox 3103 2476 3171 2529; x_wconf 87' lang='lat' dir='ltr'>ut</span> <span class='ocrx_word' id='word_1_450' title='bbox 3197 2468 3273 2529; x_wconf 89' lang='lat' dir='ltr'>ad</span> <span class='ocrx_word' id='word_1_451' title='bbox 3298 2469 3582 2530; x_wconf 88' lang='lat' dir='ltr'>materiae</span> <span class='ocrx_word' id='word_1_452' title='bbox 3603 2468 3789 2529; x_wconf 87' lang='lat' dir='ltr'>Nobis</span> <span class='ocrx_word' id='word_1_453' title='bbox 3808 2488 4021 2550; x_wconf 90' lang='lat' dir='ltr'>propo-</span> 
     </span>
     <span class='ocr_line' id='line_1_69' title="bbox 2478 2558 4020 2645; baseline 0.005 -28"><span class='ocrx_word' id='word_1_454' title='bbox 2478 2558 2606 2619; x_wconf 81' lang='lat' dir='ltr'>sitae</span> <span class='ocrx_word' id='word_1_455' title='bbox 2625 2558 2879 2620; x_wconf 81' lang='lat' dir='ltr'>fundum</span> <span class='ocrx_word' id='word_1_456' title='bbox 2901 2561 3208 2621; x_wconf 84' lang='lat' dir='ltr'>mittamus</span> <span class='ocrx_word' id='word_1_457' title='bbox 3225 2561 3508 2635; x_wconf 90' lang='lat' dir='ltr'>bolidem,</span> <span class='ocrx_word' id='word_1_458' title='bbox 3524 2561 3830 2644; x_wconf 83' lang='lat' dir='ltr'>generales</span> <span class='ocrx_word' id='word_1_459' title='bbox 3849 2584 4020 2645; x_wconf 80' lang='lat' dir='ltr'>regu·</span> 
     </span>
     <span class='ocr_line' id='line_1_70' title="bbox 2479 2651 4013 2733; baseline 0.005 -22"><span class='ocrx_word' id='word_1_460' title='bbox 2479 2651 2591 2721; x_wconf 88' lang='lat' dir='ltr'>lae,</span> <span class='ocrx_word' id='word_1_461' title='bbox 2619 2672 2770 2733; x_wconf 87' lang='lat' dir='ltr'>quas</span> <span class='ocrx_word' id='word_1_462' title='bbox 2794 2654 3066 2716; x_wconf 88' lang='lat' dir='ltr'>rubricas</span> <span class='ocrx_word' id='word_1_463' title='bbox 3088 2655 3316 2727; x_wconf 86' lang='lat' dir='ltr'>dicunt,</span> <span class='ocrx_word' id='word_1_464' title='bbox 3336 2657 3594 2718; x_wconf 71' lang='lat' dir='ltr'>Romani</span> <span class='ocrx_word' id='word_1_465' title='bbox 3618 2656 3874 2719; x_wconf 85' lang='lat' dir='ltr'>Missalis</span> <span class='ocrx_word' id='word_1_466' title='bbox 3895 2658 4013 2718; x_wconf 84' lang='lat' dir='ltr'>Tit.</span> 
     </span>
     <span class='ocr_line' id='line_1_71' title="bbox 2483 2749 4017 2832; baseline 0.006 -27"><span class='ocrx_word' id='word_1_467' title='bbox 2483 2751 2576 2806; x_wconf 86' lang='grc'>17.</span> <span class='ocrx_word' id='word_1_468' title='bbox 2611 2756 2815 2814; x_wconf 87' lang='lat' dir='ltr'>vetant</span> <span class='ocrx_word' id='word_1_469' title='bbox 2842 2749 3162 2810; x_wconf 87' lang='lat' dir='ltr'>sessionem</span> <span class='ocrx_word' id='word_1_470' title='bbox 3204 2750 3268 2809; x_wconf 91' lang='lat' dir='ltr'>in</span> <span class='ocrx_word' id='word_1_471' title='bbox 3299 2750 3496 2811; x_wconf 81' lang='lat' dir='ltr'>Missis</span> <span class='ocrx_word' id='word_1_472' title='bbox 3522 2751 3805 2830; x_wconf 84' lang='lat' dir='ltr'>privatis,</span> <span class='ocrx_word' id='word_1_473' title='bbox 3833 2771 4017 2832; x_wconf 80' lang='lat' dir='ltr'>quam</span> 
     </span>
     <span class='ocr_line' id='line_1_72' title="bbox 2480 2843 4014 2917; baseline 0.004 -17"><span class='ocrx_word' id='word_1_474' title='bbox 2480 2847 2678 2902; x_wconf 85' lang='lat' dir='ltr'>tamen</span> <span class='ocrx_word' id='word_1_475' title='bbox 2708 2844 3043 2904; x_wconf 84' lang='lat' dir='ltr'>concedunt</span> <span class='ocrx_word' id='word_1_476' title='bbox 3074 2843 3138 2903; x_wconf 92' lang='lat' dir='ltr'>in</span> <span class='ocrx_word' id='word_1_477' title='bbox 3180 2843 3581 2917; x_wconf 86' lang='lat' dir='ltr'>solemnibus,</span> <span class='ocrx_word' id='word_1_478' title='bbox 3624 2845 3769 2906; x_wconf 88' lang='lat' dir='ltr'>dum</span> <span class='ocrx_word' id='word_1_479' title='bbox 3805 2845 3971 2906; x_wconf 79' lang='lat' dir='ltr'>Kirie</span> <span class='ocrx_word' id='word_1_480' title='bbox 3997 2894 4014 2916; x_wconf 94' lang='lat'>,</span> 
     </span>
     <span class='ocr_line' id='line_1_73' title="bbox 2480 2933 4020 3008; baseline 0.004 -13"><span class='ocrx_word' id='word_1_481' title='bbox 2480 2933 2708 3007; x_wconf 66' lang='lat' dir='ltr'>Gloria,</span> <span class='ocrx_word' id='word_1_482' title='bbox 2739 2946 2798 2998; x_wconf 88' lang='lat' dir='ltr'>et</span> <span class='ocrx_word' id='word_1_483' title='bbox 2830 2937 3011 2998; x_wconf 84' lang='lat' dir='ltr'>Credo</span> <span class='ocrx_word' id='word_1_484' title='bbox 3042 2938 3303 3008; x_wconf 63' lang='lat' dir='ltr'>afiCboro</span> <span class='ocrx_word' id='word_1_485' title='bbox 3336 2939 3750 3000; x_wconf 86' lang='lat' dir='ltr'>decantantur.</span> <span class='ocrx_word' id='word_1_486' title='bbox 3774 2940 4020 3001; x_wconf 87' lang='lat' dir='ltr'>Triden-</span> 
     </span>
     <span class='ocr_line' id='line_1_74' title="bbox 2477 3028 4017 3097; baseline 0.005 -8"><span class='ocrx_word' id='word_1_487' title='bbox 2477 3028 2671 3091; x_wconf 87' lang='lat' dir='ltr'>tinum</span> <span class='ocrx_word' id='word_1_488' title='bbox 2700 3051 2843 3092; x_wconf 85' lang='lat' dir='ltr'>vero</span> <span class='ocrx_word' id='word_1_489' title='bbox 2870 3032 3204 3094; x_wconf 82' lang='lat' dir='ltr'>Concilium</span> <span class='ocrx_word' id='word_1_490' title='bbox 3232 3032 3381 3093; x_wconf 83' lang='lat' dir='ltr'>Sess.</span> <span class='ocrx_word' id='word_1_491' title='bbox 3414 3038 3472 3093; x_wconf 85' lang='grc'>7.</span> <span class='ocrx_word' id='word_1_492' title='bbox 3519 3035 3585 3092; x_wconf 79' lang='lat' dir='ltr'>de</span> <span class='ocrx_word' id='word_1_493' title='bbox 3632 3033 4017 3097; x_wconf 67' lang='lat' dir='ltr'>Soc-ramentis</span> 
     </span>
     <span class='ocr_line' id='line_1_75' title="bbox 2476 3126 4016 3211; baseline 0.006 -28"><span class='ocrx_word' id='word_1_494' title='bbox 2476 3126 2536 3183; x_wconf 80' lang='lat' dir='ltr'>in</span> <span class='ocrx_word' id='word_1_495' title='bbox 2573 3144 2764 3203; x_wconf 74' lang='lat' dir='ltr'>qenere</span> <span class='ocrx_word' id='word_1_496' title='bbox 2802 3147 2928 3188; x_wconf 79' lang='lat' dir='ltr'>con.</span> <span class='ocrx_word' id='word_1_497' title='bbox 2981 3132 3074 3188; x_wconf 85' lang='grc'>13.</span> <span class='ocrx_word' id='word_1_498' title='bbox 3117 3147 3356 3188; x_wconf 90' lang='lat' dir='ltr'>omnem</span> <span class='ocrx_word' id='word_1_499' title='bbox 3398 3126 4016 3211; x_wconf 85' lang='lat' dir='ltr'>quantulamcumque</span> 
     </span>
     <span class='ocr_line' id='line_1_76' title="bbox 2479 3221 4008 3301; baseline 0.003 -22"><span class='ocrx_word' id='word_1_500' title='bbox 2479 3221 2869 3282; x_wconf 89' lang='lat' dir='ltr'>mutationem</span> <span class='ocrx_word' id='word_1_501' title='bbox 2910 3222 3156 3283; x_wconf 82' lang='lat' dir='ltr'>Rituum</span> <span class='ocrx_word' id='word_1_502' title='bbox 3207 3222 3516 3301; x_wconf 90' lang='lat' dir='ltr'>prohibet,</span> <span class='ocrx_word' id='word_1_503' title='bbox 3568 3231 3628 3284; x_wconf 92' lang='lat' dir='ltr'>et</span> <span class='ocrx_word' id='word_1_504' title='bbox 3677 3223 3738 3283; x_wconf 92' lang='lat' dir='ltr'>S.</span> <span class='ocrx_word' id='word_1_505' title='bbox 3795 3224 3882 3284; x_wconf 88' lang='lat' dir='ltr'>Pii</span> <span class='ocrx_word' id='word_1_506' title='bbox 3933 3225 4008 3284; x_wconf 85' lang='lat' dir='ltr'><strong>V.</strong></span> 
     </span>
     <span class='ocr_line' id='line_1_77' title="bbox 2479 3314 4016 3395; baseline 0.003 -21"><span class='ocrx_word' id='word_1_507' title='bbox 2479 3314 2662 3375; x_wconf 83' lang='lat' dir='ltr'>Bulla</span> <span class='ocrx_word' id='word_1_508' title='bbox 2684 3314 2908 3376; x_wconf 84' lang='lat' dir='ltr'>Missali</span> <span class='ocrx_word' id='word_1_509' title='bbox 2938 3314 3204 3395; x_wconf 75' lang='lat' dir='ltr'>praefixa</span> <span class='ocrx_word' id='word_1_510' title='bbox 3239 3316 3618 3378; x_wconf 88' lang='lat' dir='ltr'>rubricarum</span> <span class='ocrx_word' id='word_1_511' title='bbox 3647 3318 4016 3379; x_wconf 86' lang='lat' dir='ltr'>observatio-</span> 
     </span>
     <span class='ocr_line' id='line_1_78' title="bbox 2477 3404 4016 3492; baseline 0.004 -26"><span class='ocrx_word' id='word_1_512' title='bbox 2477 3427 2613 3467; x_wconf 90' lang='lat' dir='ltr'>nem</span> <span class='ocrx_word' id='word_1_513' title='bbox 2661 3408 2847 3487; x_wconf 78' lang='lat' dir='ltr'>exigit</span> <span class='ocrx_word' id='word_1_514' title='bbox 2893 3408 3323 3470; x_wconf 89' lang='lat' dir='ltr'>omnimodam.</span> <span class='ocrx_word' id='word_1_515' title='bbox 3375 3404 3465 3469; x_wconf 85' lang='lat' dir='ltr'>Ex</span> <span class='ocrx_word' id='word_1_516' title='bbox 3515 3409 3740 3489; x_wconf 88' lang='lat' dir='ltr'>quibus</span> <span class='ocrx_word' id='word_1_517' title='bbox 3787 3412 4016 3492; x_wconf 90' lang='lat' dir='ltr'>perspi-</span> 
     </span>
     <span class='ocr_line' id='line_1_79' title="bbox 2475 3501 4015 3583; baseline 0.003 -22"><span class='ocrx_word' id='word_1_518' title='bbox 2475 3521 2654 3561; x_wconf 88' lang='lat' dir='ltr'>cuum</span> <span class='ocrx_word' id='word_1_519' title='bbox 2685 3502 2924 3562; x_wconf 90' lang='lat' dir='ltr'>videtur</span> <span class='ocrx_word' id='word_1_520' title='bbox 2944 3548 2961 3575; x_wconf 90' lang='lat'>,</span> <span class='ocrx_word' id='word_1_521' title='bbox 2994 3502 3178 3582; x_wconf 88' lang='lat' dir='ltr'>quod,</span> <span class='ocrx_word' id='word_1_522' title='bbox 3210 3502 3258 3562; x_wconf 89' lang='lat' dir='ltr'>si</span> <span class='ocrx_word' id='word_1_523' title='bbox 3282 3502 3422 3582; x_wconf 88' lang='lat' dir='ltr'>quis</span> <span class='ocrx_word' id='word_1_524' title='bbox 3454 3501 3578 3563; x_wconf 93' lang='lat' dir='ltr'>alio</span> <span class='ocrx_word' id='word_1_525' title='bbox 3608 3504 3806 3575; x_wconf 91' lang='lat' dir='ltr'>modo,</span> <span class='ocrx_word' id='word_1_526' title='bbox 3830 3524 4015 3583; x_wconf 88' lang='lat' dir='ltr'>quam</span> 
     </span>
     <span class='ocr_line' id='line_1_80' title="bbox 2475 3588 4011 3678; baseline 0.004 -25"><span class='ocrx_word' id='word_1_527' title='bbox 2475 3594 2732 3654; x_wconf 84' lang='lat' dir='ltr'>sedendo</span> <span class='ocrx_word' id='word_1_528' title='bbox 2759 3595 3063 3657; x_wconf 86' lang='lat' dir='ltr'>celebrare</span> <span class='ocrx_word' id='word_1_529' title='bbox 3113 3596 3354 3657; x_wconf 86' lang='lat' dir='ltr'>Missam</span> <span class='ocrx_word' id='word_1_530' title='bbox 3394 3588 3685 3678; x_wconf 68' lang='lat' dir='ltr'>nequeat,</span> <span class='ocrx_word' id='word_1_531' title='bbox 3730 3598 4011 3659; x_wconf 89' lang='lat' dir='ltr'>Commu-</span> 
     </span>
     <span class='ocr_line' id='line_1_81' title="bbox 2474 3688 4013 3755; baseline 0.005 -7"><span class='ocrx_word' id='word_1_532' title='bbox 2474 3688 2654 3748; x_wconf 89' lang='lat' dir='ltr'>nione</span> <span class='ocrx_word' id='word_1_533' title='bbox 2681 3688 2983 3751; x_wconf 82' lang='lat' dir='ltr'>Laicorum</span> <span class='ocrx_word' id='word_1_534' title='bbox 3009 3711 3156 3751; x_wconf 84' lang='lat' dir='ltr'>more</span> <span class='ocrx_word' id='word_1_535' title='bbox 3195 3700 3509 3753; x_wconf 89' lang='lat' dir='ltr'>contentus</span> <span class='ocrx_word' id='word_1_536' title='bbox 3548 3712 3584 3754; x_wconf 92' lang='lat' dir='ltr'>a</span> <span class='ocrx_word' id='word_1_537' title='bbox 3613 3692 4013 3755; x_wconf 84' lang='lat' dir='ltr'>celebratione</span> 
     </span>
     <span class='ocr_line' id='line_1_82' title="bbox 2469 3783 3096 3847; baseline -0.002 -2"><span class='ocrx_word' id='word_1_538' title='bbox 2469 3783 2773 3845; x_wconf 86' lang='lat' dir='ltr'>abstinere</span> <span class='ocrx_word' id='word_1_539' title='bbox 2805 3793 3096 3847; x_wconf 87' lang='lat' dir='ltr'>teneatur.</span> 
     </span>
    </p>

    <p class='ocr_par' dir='ltr' id='par_1_14' title="bbox 2463 3877 4014 5556">
     <span class='ocr_line' id='line_1_83' title="bbox 2592 3877 4011 3960; baseline 0.004 -24"><span class='ocrx_word' id='word_1_540' title='bbox 2592 3877 2704 3937; x_wconf 86' lang='lat' dir='ltr'><strong>IX.</strong></span> <span class='ocrx_word' id='word_1_541' title='bbox 2736 3878 2895 3951; x_wconf 88' lang='lat' dir='ltr'>Quid</span> <span class='ocrx_word' id='word_1_542' title='bbox 2926 3898 3103 3951; x_wconf 89' lang='lat' dir='ltr'>vero,</span> <span class='ocrx_word' id='word_1_543' title='bbox 3136 3880 3328 3960; x_wconf 77' lang='lat' dir='ltr'>siq&#39;uis</span> <span class='ocrx_word' id='word_1_544' title='bbox 3366 3881 3441 3942; x_wconf 91' lang='lat' dir='ltr'>ad</span> <span class='ocrx_word' id='word_1_545' title='bbox 3463 3880 3838 3948; x_wconf 81' lang='lat' dir='ltr'>sedentariae</span> <span class='ocrx_word' id='word_1_546' title='bbox 3865 3882 4011 3943; x_wconf 87' lang='lat' dir='ltr'>Mis-</span> 
     </span>
     <span class='ocr_line' id='line_1_84' title="bbox 2473 3972 4011 4054; baseline 0.003 -22"><span class='ocrx_word' id='word_1_547' title='bbox 2473 3990 2574 4031; x_wconf 86' lang='lat' dir='ltr'>sae</span> <span class='ocrx_word' id='word_1_548' title='bbox 2611 3972 3074 4034; x_wconf 86' lang='lat' dir='ltr'>celebrationem</span> <span class='ocrx_word' id='word_1_549' title='bbox 3118 3974 3529 4054; x_wconf 70' lang='lat' dir='ltr'>dispensetur?</span> <span class='ocrx_word' id='word_1_550' title='bbox 3564 3975 3790 4035; x_wconf 85' lang='lat' dir='ltr'>Verum</span> <span class='ocrx_word' id='word_1_551' title='bbox 3816 4022 3832 4048; x_wconf 95' lang='lat'>,</span> <span class='ocrx_word' id='word_1_552' title='bbox 3874 3996 4011 4038; x_wconf 88' lang='lat' dir='ltr'>cnm</span> 
     </span>
     <span class='ocr_line' id='line_1_85' title="bbox 2474 4065 4014 4146; baseline 0.004 -21"><span class='ocrx_word' id='word_1_553' title='bbox 2474 4065 2773 4129; x_wconf 85' lang='lat' dir='ltr'>Rubricae</span> <span class='ocrx_word' id='word_1_554' title='bbox 2817 4066 3133 4127; x_wconf 87' lang='lat' dir='ltr'>sessionem</span> <span class='ocrx_word' id='word_1_555' title='bbox 3182 4066 3571 4146; x_wconf 87' lang='lat' dir='ltr'>prohibeant,</span> <span class='ocrx_word' id='word_1_556' title='bbox 3625 4068 3865 4130; x_wconf 84' lang='lat' dir='ltr'>videtur</span> <span class='ocrx_word' id='word_1_557' title='bbox 3906 4069 4014 4132; x_wconf 87' lang='lat' dir='ltr'>illa</span> 
     </span>
     <span class='ocr_line' id='line_1_86' title="bbox 2473 4159 4013 4242; baseline 0.004 -24"><span class='ocrx_word' id='word_1_558' title='bbox 2473 4159 2928 4221; x_wconf 86' lang='lat' dir='ltr'>irreverentiam</span> <span class='ocrx_word' id='word_1_559' title='bbox 2969 4160 3308 4231; x_wconf 86' lang='lat' dir='ltr'>continere,</span> <span class='ocrx_word' id='word_1_560' title='bbox 3355 4180 3511 4240; x_wconf 85' lang='lat' dir='ltr'>quae</span> <span class='ocrx_word' id='word_1_561' title='bbox 3553 4162 4013 4242; x_wconf 85' lang='lat' dir='ltr'>dispensationis</span> 
     </span>
     <span class='ocr_line' id='line_1_87' title="bbox 2472 4251 4012 4337; baseline 0.004 -26"><span class='ocrx_word' id='word_1_562' title='bbox 2472 4253 2736 4313; x_wconf 88' lang='lat' dir='ltr'>remedio</span> <span class='ocrx_word' id='word_1_563' title='bbox 2779 4272 2898 4314; x_wconf 93' lang='lat' dir='ltr'>non</span> <span class='ocrx_word' id='word_1_564' title='bbox 2949 4253 3198 4314; x_wconf 90' lang='lat' dir='ltr'>tollitur.</span> <span class='ocrx_word' id='word_1_565' title='bbox 3234 4251 3603 4333; x_wconf 85' lang='lat' dir='ltr'>Theophilus</span> <span class='ocrx_word' id='word_1_566' title='bbox 3645 4257 4012 4337; x_wconf 82' lang='lat' dir='ltr'>Raynaudus</span> 
     </span>
     <span class='ocr_line' id='line_1_88' title="bbox 2471 4346 4012 4427; baseline 0.003 -20"><span class='ocrx_word' id='word_1_567' title='bbox 2471 4346 2533 4407; x_wconf 90' lang='lat' dir='ltr'>in</span> <span class='ocrx_word' id='word_1_568' title='bbox 2575 4366 2755 4427; x_wconf 85' lang='lat' dir='ltr'>opere</span> <span class='ocrx_word' id='word_1_569' title='bbox 2798 4347 3106 4426; x_wconf 85' lang='lat' dir='ltr'>inscripto:</span> <span class='ocrx_word' id='word_1_570' title='bbox 3142 4346 3388 4408; x_wconf 83' lang='lat' dir='ltr'>Sacrum</span> <span class='ocrx_word' id='word_1_571' title='bbox 3433 4348 3826 4411; x_wconf 79' lang='lat' dir='ltr'>Christianum</span> <span class='ocrx_word' id='word_1_572' title='bbox 3863 4351 4012 4412; x_wconf 78' lang='lat' dir='ltr'>Aca-</span> 
     </span>
     <span class='ocr_line' id='line_1_89' title="bbox 2472 4440 4006 4523; baseline 0.003 -24"><span class='ocrx_word' id='word_1_573' title='bbox 2472 4441 2737 4509; x_wconf 74' lang='lat' dir='ltr'>mistum,</span> <span class='ocrx_word' id='word_1_574' title='bbox 2764 4460 2859 4501; x_wconf 84' lang='lat' dir='ltr'>seu</span> <span class='ocrx_word' id='word_1_575' title='bbox 2888 4442 3140 4500; x_wconf 82' lang='lat' dir='ltr'>sessionis</span> <span class='ocrx_word' id='word_1_576' title='bbox 3168 4460 3386 4519; x_wconf 74' lang='lat' dir='ltr'>expers.</span> <span class='ocrx_word' id='word_1_577' title='bbox 3438 4440 3571 4501; x_wconf 88' lang='lat' dir='ltr'>Tom</span> <span class='ocrx_word' id='word_1_578' title='bbox 3610 4448 3669 4502; x_wconf 76' lang='lat'><strong>6.</strong></span> <span class='ocrx_word' id='word_1_579' title='bbox 3701 4464 3833 4523; x_wconf 75' lang='lat' dir='ltr'>paq.</span> <span class='ocrx_word' id='word_1_580' title='bbox 3870 4449 4006 4504; x_wconf 66' lang='lat'><strong>498.</strong></span> 
     </span>
     <span class='ocr_line' id='line_1_90' title="bbox 2466 4533 4008 4615; baseline 0.003 -22"><span class='ocrx_word' id='word_1_581' title='bbox 2466 4533 2533 4615; x_wconf 66' lang='lat' dir='ltr'><strong>S.</strong></span> <span class='ocrx_word' id='word_1_582' title='bbox 2565 4538 2623 4594; x_wconf 68' lang='lat' dir='ltr'>t.</span> <span class='ocrx_word' id='word_1_583' title='bbox 2654 4546 2705 4594; x_wconf 79' lang='lat' dir='ltr'>et</span> <span class='ocrx_word' id='word_1_584' title='bbox 2731 4555 2879 4613; x_wconf 80' lang='lat' dir='ltr'>seqq.</span> <span class='ocrx_word' id='word_1_585' title='bbox 2925 4534 3188 4595; x_wconf 84' lang='lat' dir='ltr'>dilucide</span> <span class='ocrx_word' id='word_1_586' title='bbox 3219 4534 3387 4595; x_wconf 89' lang='lat' dir='ltr'>illam</span> <span class='ocrx_word' id='word_1_587' title='bbox 3418 4534 3876 4598; x_wconf 85' lang='lat' dir='ltr'>irreverentiam</span> <span class='ocrx_word' id='word_1_588' title='bbox 3900 4539 4008 4598; x_wconf 90' lang='lat' dir='ltr'>do—</span> 
     </span>
     <span class='ocr_line' id='line_1_91' title="bbox 2467 4629 4010 4709; baseline 0.003 -20"><span class='ocrx_word' id='word_1_589' title='bbox 2467 4637 2580 4689; x_wconf 89' lang='lat' dir='ltr'>cet.</span> <span class='ocrx_word' id='word_1_590' title='bbox 2613 4629 2793 4690; x_wconf 84' lang='lat' dir='ltr'>Extat</span> <span class='ocrx_word' id='word_1_591' title='bbox 2830 4646 3075 4709; x_wconf 81' lang='lat' dir='ltr'>quoque</span> <span class='ocrx_word' id='word_1_592' title='bbox 3099 4629 3456 4709; x_wconf 89' lang='lat' dir='ltr'>opusculum</span> <span class='ocrx_word' id='word_1_593' title='bbox 3482 4630 3543 4690; x_wconf 90' lang='lat' dir='ltr'><strong>S.</strong></span> <span class='ocrx_word' id='word_1_594' title='bbox 3576 4630 3733 4692; x_wconf 89' lang='lat' dir='ltr'>Petri</span> <span class='ocrx_word' id='word_1_595' title='bbox 3764 4632 4010 4695; x_wconf 87' lang='lat' dir='ltr'>Damia-</span> 
     </span>
     <span class='ocr_line' id='line_1_92' title="bbox 2468 4721 4013 4807; baseline 0.005 -26"><span class='ocrx_word' id='word_1_596' title='bbox 2468 4721 2530 4782; x_wconf 92' lang='lat' dir='ltr'>ni</span> <span class='ocrx_word' id='word_1_597' title='bbox 2572 4741 2824 4785; x_wconf 89' lang='lat' dir='ltr'>numero</span> <span class='ocrx_word' id='word_1_598' title='bbox 2868 4728 2976 4785; x_wconf 77' lang='lat'><strong>39..</strong></span> <span class='ocrx_word' id='word_1_599' title='bbox 3015 4724 3297 4785; x_wconf 79' lang='lat' dir='ltr'>editionis</span> <span class='ocrx_word' id='word_1_600' title='bbox 3334 4724 3477 4786; x_wconf 81' lang='lat' dir='ltr'>anni</span> <span class='ocrx_word' id='word_1_601' title='bbox 3533 4730 3743 4807; x_wconf 59' lang='lat'><strong>1743„</strong></span> <span class='ocrx_word' id='word_1_602' title='bbox 3779 4724 3841 4784; x_wconf 92' lang='lat' dir='ltr'>in</span> <span class='ocrx_word' id='word_1_603' title='bbox 3886 4745 4013 4806; x_wconf 88' lang='lat' dir='ltr'>quo</span> 
     </span>
     <span class='ocr_line' id='line_1_93' title="bbox 2465 4815 4009 4897; baseline 0.003 -20"><span class='ocrx_word' id='word_1_604' title='bbox 2465 4815 2824 4897; x_wconf 80' lang='lat' dir='ltr'>Episcopum</span> <span class='ocrx_word' id='word_1_605' title='bbox 2861 4817 3243 4879; x_wconf 89' lang='lat' dir='ltr'>Bisuntinum</span> <span class='ocrx_word' id='word_1_606' title='bbox 3274 4817 3550 4879; x_wconf 89' lang='lat' dir='ltr'>hortatur</span> <span class='ocrx_word' id='word_1_607' title='bbox 3578 4820 3655 4880; x_wconf 88' lang='lat' dir='ltr'>ad</span> <span class='ocrx_word' id='word_1_608' title='bbox 3682 4821 4009 4881; x_wconf 83' lang='lat' dir='ltr'>arcendum</span> 
     </span>
     <span class='ocr_line' id='line_1_94' title="bbox 2465 4909 4012 4992; baseline 0.002 -21"><span class='ocrx_word' id='word_1_609' title='bbox 2465 4929 2503 4972; x_wconf 82' lang='lat' dir='ltr'>a</span> <span class='ocrx_word' id='word_1_610' title='bbox 2520 4930 2629 4972; x_wconf 81' lang='lat' dir='ltr'>sua</span> <span class='ocrx_word' id='word_1_611' title='bbox 2647 4909 2910 4973; x_wconf 84' lang='lat' dir='ltr'>Dioeoesi</span> <span class='ocrx_word' id='word_1_612' title='bbox 2933 4914 3294 4992; x_wconf 80' lang='lat' dir='ltr'>opprobrium</span> <span class='ocrx_word' id='word_1_613' title='bbox 3311 4915 3708 4992; x_wconf 74' lang='lat' dir='ltr'>iqnontiuiosae</span> <span class='ocrx_word' id='word_1_614' title='bbox 3729 4916 4012 4974; x_wconf 79' lang='lat' dir='ltr'>sessionis:</span> 
     </span>
     <span class='ocr_line' id='line_1_95' title="bbox 2467 5005 4009 5087; baseline 0.003 -22"><span class='ocrx_word' id='word_1_615' title='bbox 2467 5005 2536 5065; x_wconf 90' lang='lat' dir='ltr'>ln</span> <span class='ocrx_word' id='word_1_616' title='bbox 2557 5006 2805 5067; x_wconf 87' lang='lat' dir='ltr'>Decreto</span> <span class='ocrx_word' id='word_1_617' title='bbox 2824 5006 3007 5067; x_wconf 89' lang='lat' dir='ltr'>etiam</span> <span class='ocrx_word' id='word_1_618' title='bbox 3027 5006 3322 5077; x_wconf 86' lang='lat' dir='ltr'>Gratiani,</span> <span class='ocrx_word' id='word_1_619' title='bbox 3354 5006 3579 5087; x_wconf 79' lang='lat' dir='ltr'>gemini</span> <span class='ocrx_word' id='word_1_620' title='bbox 3606 5005 3763 5069; x_wconf 88' lang='lat' dir='ltr'>hanc</span> <span class='ocrx_word' id='word_1_621' title='bbox 3790 5008 3853 5068; x_wconf 91' lang='lat' dir='ltr'>iu</span> <span class='ocrx_word' id='word_1_622' title='bbox 3880 5028 4009 5069; x_wconf 87' lang='lat' dir='ltr'>rem</span> 
     </span>
     <span class='ocr_line' id='line_1_96' title="bbox 2465 5098 4011 5173; baseline 0.003 -14"><span class='ocrx_word' id='word_1_623' title='bbox 2465 5098 2736 5162; x_wconf 78' lang='lat' dir='ltr'>Canones</span> <span class='ocrx_word' id='word_1_624' title='bbox 2767 5101 3181 5173; x_wconf 80' lang='lat' dir='ltr'>adducuntur,</span> <span class='ocrx_word' id='word_1_625' title='bbox 3216 5106 3314 5161; x_wconf 87' lang='lat'><strong>57.</strong></span> <span class='ocrx_word' id='word_1_626' title='bbox 3359 5100 3674 5172; x_wconf 78' lang='lat' dir='ltr'>videlieet,</span> <span class='ocrx_word' id='word_1_627' title='bbox 3703 5109 3765 5163; x_wconf 87' lang='lat' dir='ltr'>et</span> <span class='ocrx_word' id='word_1_628' title='bbox 3803 5108 3900 5162; x_wconf 79' lang='grc'>68.</span> <span class='ocrx_word' id='word_1_629' title='bbox 3936 5102 4011 5163; x_wconf 90' lang='lat' dir='ltr'>de</span> 
     </span>
     <span class='ocr_line' id='line_1_97' title="bbox 2466 5191 4009 5276; baseline 0.003 -24"><span class='ocrx_word' id='word_1_630' title='bbox 2466 5191 2803 5276; x_wconf 76' lang='lat' dir='ltr'>Consecrat.</span> <span class='ocrx_word' id='word_1_631' title='bbox 2834 5193 2972 5254; x_wconf 88' lang='lat' dir='ltr'>dist.</span> <span class='ocrx_word' id='word_1_632' title='bbox 3007 5199 3059 5254; x_wconf 92' lang='grc'>1.</span> <span class='ocrx_word' id='word_1_633' title='bbox 3092 5193 3323 5273; x_wconf 88' lang='lat' dir='ltr'>primus</span> <span class='ocrx_word' id='word_1_634' title='bbox 3348 5193 3434 5255; x_wconf 89' lang='lat' dir='ltr'>ita</span> <span class='ocrx_word' id='word_1_635' title='bbox 3453 5193 3656 5256; x_wconf 87' lang='lat' dir='ltr'>habet:</span> <span class='ocrx_word' id='word_1_636' title='bbox 3681 5194 3899 5256; x_wconf 82' lang='lat' dir='ltr'>Nullus</span> <span class='ocrx_word' id='word_1_637' title='bbox 3919 5195 4009 5256; x_wconf 88' lang='lat' dir='ltr'>E-</span> 
     </span>
     <span class='ocr_line' id='line_1_98' title="bbox 2463 5286 4012 5367; baseline 0.004 -23"><span class='ocrx_word' id='word_1_638' title='bbox 2463 5288 2754 5366; x_wconf 76' lang='lat' dir='ltr'>piscopus,</span> <span class='ocrx_word' id='word_1_639' title='bbox 2787 5286 3116 5367; x_wconf 80' lang='lat' dir='ltr'>Presbyter,</span> <span class='ocrx_word' id='word_1_640' title='bbox 3145 5299 3249 5349; x_wconf 80' lang='lat' dir='ltr'>out</span> <span class='ocrx_word' id='word_1_641' title='bbox 3274 5288 3560 5353; x_wconf 72' lang='lat' dir='ltr'>Diaconos</span> <span class='ocrx_word' id='word_1_642' title='bbox 3593 5291 3669 5350; x_wconf 82' lang='lat' dir='ltr'>ad</span> <span class='ocrx_word' id='word_1_643' title='bbox 3694 5290 4012 5353; x_wconf 75' lang='lat' dir='ltr'>Missurum</span> 
     </span>
     <span class='ocr_line' id='line_1_99' title="bbox 2469 5383 4013 5462; baseline 0.002 -22"><span class='ocrx_word' id='word_1_644' title='bbox 2469 5383 2740 5442; x_wconf 74' lang='lat' dir='ltr'>solemnio</span> <span class='ocrx_word' id='word_1_645' title='bbox 2783 5384 3112 5448; x_wconf 75' lang='lat' dir='ltr'>celebranda</span> <span class='ocrx_word' id='word_1_646' title='bbox 3139 5394 3472 5462; x_wconf 15' lang='lat' dir='ltr'>,praesumat</span> <span class='ocrx_word' id='word_1_647' title='bbox 3508 5404 3634 5444; x_wconf 85' lang='lat' dir='ltr'>cum</span> <span class='ocrx_word' id='word_1_648' title='bbox 3684 5386 3882 5445; x_wconf 76' lang='lat' dir='ltr'>baculo</span> <span class='ocrx_word' id='word_1_649' title='bbox 3923 5387 4013 5444; x_wconf 78' lang='lat' dir='ltr'>iu·</span> 
     </span>
     <span class='ocr_line' id='line_1_100' title="bbox 2476 5475 4013 5556; baseline 0.005 -24"><span class='ocrx_word' id='word_1_650' title='bbox 2476 5476 2665 5534; x_wconf 79' lang='lat' dir='ltr'>troire.</span> <span class='ocrx_word' id='word_1_651' title='bbox 2700 5475 2866 5536; x_wconf 66' lang='lat' dir='ltr'>Alton</span> <span class='ocrx_word' id='word_1_652' title='bbox 2894 5495 3039 5538; x_wconf 78' lang='lat' dir='ltr'>vero</span> <span class='ocrx_word' id='word_1_653' title='bbox 3067 5475 3152 5538; x_wconf 80' lang='lat' dir='ltr'>ita</span> <span class='ocrx_word' id='word_1_654' title='bbox 3184 5486 3375 5549; x_wconf 66' lang='lat' dir='ltr'>soum</span> <span class='ocrx_word' id='word_1_655' title='bbox 3405 5476 3725 5556; x_wconf 77' lang='lat' dir='ltr'>Apostolice</span> <span class='ocrx_word' id='word_1_656' title='bbox 3766 5481 4013 5539; x_wconf 60' lang='lat' dir='ltr'>auctori-</span> 
     </span>
    </p>
   </div>
  </div>
 </body>
</html>
