4487 6316
1082 497 1185 550 430

898 661 1016 707 eos,
1045 644 1137 711 qui
1183 646 1236 694 in
1265 645 1485 696 Basilica
1512 641 1760 694 Vaticana
1785 681 1798 705 ,
1838 649 1889 694 et
1914 640 1968 691 in
1997 641 2250 692 Ecclesiis
2279 642 2438 694 Dioc-

1993 727 2240 798 Appe'nd.
2296 730 2350 779 9.
2389 727 2437 800 ᾗ.

896 731 1031 781 cesis
1058 731 1383 806 Hispalensis
1434 731 1619 782 tabaco
1674 739 1962 782 uterentur.

902 821 1109 871 Utrum.

1508 906 1817 974 Exequiae.

996 1083 1056 1134 Iu
1085 1082 1324 1151 exequiis
1349 1082 1736 1134 Defunctorum
1783 1098 1948 1134 unum
1975 1081 2159 1133 ssltem
2189 1095 2395 1131 sacrum
2415 1117 2434 1144 ,

884 1179 1159 1240 praesente
1187 1187 1416 1237 corpore
1436 1209 1450 1234 ,
1492 1171 1795 1236 faciendum
1824 1180 1932 1234 est,
1958 1170 2104 1238 juxta
2130 1167 2438 1237 antiquissi-

884 1275 1032 1308 mum
1060 1259 1219 1309 ritum
1239 1294 1257 1322 ,
1282 1259 1318 1308 l.
1347 1257 1397 1308 3.
1428 1274 1474 1310 c.
1501 1258 1589 1309 22.
1618 1276 1670 1308 n.
1704 1259 1788 1310 12.

1424 1383 1886 1450 Extrnmgames.

986 1511 1385 1591 E'xtr'avsgsntes
1405 1540 1717 1575 communes
1740 1522 1939 1591 privata
1959 1520 2268 1573 auctoritate
2289 1537 2432 1571 com·

2004 1628 2138 1679 quae
2191 1609 2260 1660 iis
2283 1626 2430 1658 com-

877 1697 1285 1768 prehenduntur
1305 1735 1320 1760 ,
1372 1707 1589 1750 eatenus
1628 1698 1991 1749 auctoritatem
2045 1695 2239 1748 babent
2265 1734 2279 1757 ,
2306 1714 2430 1764 qua-

877 1794 1031 1839 tenus
1058 1785 1121 1837 ab
1152 1786 1458 1837 auctoritate
1477 1776 1796 1852 Apostoli'ca·
1812 1784 2145 1852 prodierunt.
2171 1795 2297 1853 post
2317 1788 2429 1853 Ap·

878 1612 1084 1681 positae
1137 1611 1381 1676 fuerunt,
1408 1620 1461 1663 et
1509 1612 1920 1663 constitutiones
1943 1648 1958 1673 ,

870 1856 1032 1942 perid.
1064 1874 1145 1925 13.
1176 1871 1231 1923 in
1260 1868 1452 1939 Procli
1480 1871 1684 1948 Bened.
1710 1873 1868 1938 XIV.
1893 1888 1945 1921 n.
1975 1873 2026 1922 ⁹.

1628 2048 1668 2098 1⁷

1529 2222 1762 2275 Farina.

870 2353 1095 2456 Farina
1126 2400 1247 2450 loco
1286 2373 1440 2468 panis
1469 2396 1818 2450 consecrandi
1853 2397 1909 2449 in
1937 2395 2104 2450 Missa
2131 2395 2422 2464 antiquitus

874 2489 1056 2542 offerri
1082 2488 1358 2540 cousuevit
1376 2526 1390 2550 ,
1417 2487 1453 2539 1.
1484 2490 1533 2539 1.
1566 2505 1611 2539 c.
1640 2488 1691 2539 6.
1721 2504 1775 2537 ιι.
1804 2488 1857 2537 0.
1883 2487 1949 2536 V.
1980 2482 2169 2538 Panis.

1506 2609 1791 2670 Feminae.

984 2749 1225 2801 Feminis
1245 2747 1591 2800 interdictum
1612 2749 1765 2800 estin
1786 2748 1950 2800 Missa
1973 2745 2298 2812 ministrare,
2321 2746 2419 2800 lib.
2457 2765 2462 2772 ·

881 2842 927 2890 1.
958 2855 1004 2890 s.
1034 2838 1119 2888 11.
1146 2853 1202 2888 n.
1235 2836 1281 2886 1.

1549 2959 1739 3013 Feria-

983 3096 1138 3152 Ferin
1166 3098 1215 3150 li.
1242 3098 1420 3153 Coena
1446 3097 1666 3150 Domini
1697 3099 1921 3152 Natalis
1952 3099 2155 3152 Calicis
2191 3100 2257 3152 sb
2288 3099 2421 3151 anti-

877 3189 1000 3260 quis
1024 3186 1265 3241 Patribus
1304 3187 1627 3255 appellatur,
1654 3188 1777 3255 quia
1807 3198 1929 3238 tunc
1954 3189 2198 3240 Christos
2220 3187 2420 3239 Eucha-

877 3277 1082 3331 ristiam
1132 3276 1379 3327 instituit.
1408 3273 1655 3340 Append.
1682 3274 1736 3326 2.
1764 3275 1809 3348 5.
1846 3272 1959 3327 Nos·
2001 3275 2160 3326 lianc.
2188 3278 2311 3328 Non
2359 3274 2418 3325 li-

877 3374 960 3418 cet
985 3365 1197 3418 Graecis
1248 3363 1304 3415 in
1333 3381 1391 3414 ea
1416 3362 1570 3413 Feria-
1597 3362 1979 3413 Encharistiam
2032 3363 2293 3434 exsiccare
2316 3399 2330 3424 ‚
2367 3370 2423 3412 ut

877 3460 1127 3506 servetur.
1154 3451 1220 3503 V.
1247 3447 1624 3500 Eucherii-tin.
1652 3442 1835 3515 Neque
1888 3449 2011 3499 licet
2034 3451 2224 3500 Missas
2254 3450 2423 3516 privu-

876 3548 955 3591 tss
982 3536 1263 3591 celebrare.
1289 3538 1354 3587 V.
1380 3535 1736 3604 Congregaeio
1760 3535 2002 3587 Bituum.
2032 3536 2092 3587 ln
2121 3536 2303 3587 eadem
2326 3537 2366 3586 F
2372 3554 2424 3587 e·

874 3622 958 3679 rin
984 3627 1189 3694 aliquot
1216 3625 1500 3691 particulae
1540 3642 1638 3692 pro
1667 3623 1897 3675 infirmis
1950 3624 2234 3676 servandae
2263 3633 2420 3689 sunt,

878 3715 916 3766 1.
945 3714 996 3764 3.
1025 3730 1070 3763 e.
1102 3713 1188 3762 18.
1217 3727 1269 3761 η.
1302 3710 1386 3760 ss.
1412 3711 1475 3761 Et
1503 3710 1685 3762 Graeci
1740 3709 2081 3778 grandiorem
2134 3710 2420 3811 quemdam

877 3815 1068 3867 panem
1099 3806 1447 3859 consecrant,
1473 3806 1525 3848 et
1550 3815 1727 3865 quare.
1757 3798 1821 3848 V.
1848 3796 2066 3849 Graeci.

984 3886 1140 3938 Fet-is
1169 3885 1219 3936 6.
1250 3885 1304 3935 ἱιι
1332 3884 1611 3936 Parasceve
1636 3885 1873 3952 Populus
1902 3902 2009 3936 nou
2044 3893 2250 3937 tenetur
2276 3885 2417 3936 nudi·

875 3992 933 4027 re
962 3974 1229 4034 officium,
1259 3973 1293 4022 l.
1321 3973 1369 4022 3.
1400 3988 1445 4022 e.
1476 3974 1524 4022 ὅ.
1554 3989 1603 4021 n.
1635 3974 1683 4024 δ.
1715 3974 1897 4041 Neque
1921 3973 2163 4049 Parocbo
2192 3972 2418 4024 duarum

875 4061 1251 4115 parochiarum
1283 4061 1406 4112 licet
1433 4059 1572 4111 idem
1596 4059 1836 4112 osticium
1867 4061 1921 4111 iu
1952 4071 2169 4130 utraque
2188 4061 2420 4111 Ecclesia

878 4150 1163 4211 celebrare,
1191 4147 1261 4199 ib.
1286 4149 1349 4199 V.
1380 4148 1683 4201 parochus.

986 4239 1046 4290 In
1075 4237 1255 4288 eadem
1285 4236 1440 4287 Fet-is
1480 4236 1532 4288 6.
1559 4253 1667 4285 non
1699 4234 1801 4286 nisi
1832 4235 2068 4287 Infirmis
2091 4233 2422 4286 Eucharistin

880 4318 1230 4379 ministranda
1257 4332 1366 4389 est,
1394 4325 1429 4375 1.
1458 4323 1507 4374 3.
1540 4341 1584 4375 c.
1619 4324 1702 4374 18.
1730 4341 1783 4374 η.
1816 4323 1901 4374 11.

1473 4450 1839 4500 fermentum.

985 4589 1328 4641 fermentum
1358 4585 1488 4636 olim
1519 4585 1792 4637 dicebatur
1814 4582 2142 4635 Eucharistia
2154 4603 2327 4654 ,quse
2355 4585 2420 4637 ab

880 4691 984 4726 nna
1037 4672 1100 4724 sd
1128 4674 1281 4725 aliam
1309 4672 1626 4734 Ecclesiam,
1654 4679 1707 4724 et
1758 4689 1783 4720 s
1814 4687 2023 4721 summo
2049 4670 2311 4724 Pontiflce
2357 4672 2421 4723 ad

880 4760 1277 4814 suburbica-rios
1302 4762 1605 4829 Episcopus
1643 4757 1982 4822 mittebatur,
2040 4759 2076 4810 1.
2124 4759 2177 4810 2.
2231 4776 2277 4811 ο.
2330 4760 2420 4812 20.

878 4868 933 4902 n.
974 4848 1059 4901 1⁸.
1532 4896 1539 4903 .

989 4938 1355 4989 Fermentatus
1382 4936 1563 5003 panis,
1589 4935 1670 4987 vel
1696 4933 1919 5003 Azym'us
1946 4934 2101 4987 Feria
2127 4936 2178 4986 li.
2209 4937 2262 4985 in
2290 4928 2425 4988 Coe·

880 5043 947 5078 nn
971 5020 1189 5078 Domini
1221 5024 1435 5091 quando
1464 5024 1532 5074 sit
1562 5022 1849 5075 adbibitus.
1880 5022 2129 5093 Append.
2155 5024 2238 5075 11.
2266 5023 2348 5074 tit.
2373 5024 2421 5075 1.

987 5113 1108 5165 Non
1162 5112 1282 5161 licet
1310 5110 1510 5162 Latinis
1538 5108 1917 5162 Eucharistiam
1972 5110 2068 5162 sub
2097 5111 2275 5178 specie
2326 5110 2424 5162 fer·

880 5199 1093 5252 mentsti
1127 5213 1225 5265 pro
1247 5196 1461 5249 Graecis
1489 5214 1770 5263 asservare,
1801 5206 1887 5249 aut
1912 5198 1976 5249 ab
2006 5198 2138 5268 ipsis
2165 5198 2423 5266 accipere.

877 5287 941 5337 V.
970 5282 1344 5339 Eucharistia.

2112 495 2185 544 ΙΝ
2196 493 2331 545 DEX
2365 492 2868 547 Au’ffltnt‘rtcus

3194 644 3435 697 Festum.

2647 817 2801 868 Festa
2829 819 3012 869 saltem
3037 817 3104 868 de
3123 829 3410 887 praecepto
3432 840 3458 871 s
3480 839 3657 873 curam
3686 825 3979 878 animarum
4000 827 4093 880 ba·

2540 904 2788 955 bentibus
2810 907 3022 974 Populo
3043 908 3404 958 annuntianda
3425 919 3630 972 sunt,et
3649 913 3948 980 quomodo,
3965 928 4094 985 post

2540 992 2786 1059 Append.
2821 994 2902 1042 13.
2934 991 2990 1043 ἰιι
3023 991 3216 1060 praefi
3243 994 3451 1046 Bened.
3477 999 3638 1050 XIV.
3665 1014 3716 1047 n.
3747 1001 3796 1051 δ.
3825 1002 3955 1052 Item
3975 1020 4090 1055 ver·

2539 1078 2664 1132 bum
2684 1081 2779 1132 Dei
2812 1081 2958 1132 festis
2988 1080 3179 1133 diebus
3208 1083 3645 1149 praedicandum,
3676 1096 3723 1138 et
3754 1088 3952 1142 Missae
3974 1093 4089 1158 My·

2537 1167 2692 1220 steria
2714 1168 3056 1235 explicands,
3086 1187 3137 1219 n.
3169 1171 3203 1220 6
3251 1183 3304 1221 et
3329 1173 3583 1238 Append:
3606 1175 3728 1248 ’1.5.
3759 1177 3810 1227 6.

2643 1253 2721 1306 Ad
2763 1256 3105 1308 scribendum
3159 1256 3226 1309 de
3252 1260 3456 1322 Festis,
3501 1280 3635 1329 quse
3686 1281 3838 1314 causa
3864 1266 4087 1318 Benedi-

2533 1349 2672 1392 ctum
2695 1341 2839 1395 XIV.
2867 1333 3144 1410 impulerit
3172 1343 3227 1394 in
3247 1344 3369 1396 ead.
3402 1347 3594 1416 Praqs.
3617 1351 3823 1404 Bened.
3841 1355 3898 1404 Χ
3898 1355 3998 1405 IV.
4025 1370 4081 1405 a.

2530 1427 2583 1477 2.
2612 1441 2666 1479 et
2691 1427 2738 1477 ³.

2556 1522 2564 1532 “
2639 1515 2812 1566 Pestis
2840 1514 3159 1583 quibusdam
3191 1517 3382 1569 diebus
3410 1519 3603 1570 alicubi
3635 1524 3954 1588 permissum
3981 1535 4082 1591 est,

2534 1611 2587 1652 ut
2615 1602 2790 1668 audita
2818 1605 2978 1654 Missa
3009 1621 3168 1672 opera
3198 1608 3408 1658 servilia
3435 1619 3792 1661 exerceantur:
3837 1631 3897 1664 ac
3923 1631 4082 1683 saepo

2531 1689 2596 1741 de
2625 1691 2798 1741 Festis
2827 1692 3136 1744 minuendis
3164 1703 3337 1745 actum
3362 1704 3537 1758 esuet
3563 1699 3758 1751 alicubi
3789 1701 4077 1756 imminuta

2528 1787 2666 1832 sum.
2695 1779 2945 1846 Append.
2976 1781 3060 1830 11.
3089 1781 3172 1832 eie.
3200 1782 3251 1833 2.

2635 1865 2693 1918 Ιιι
2723 1868 2882 1917 Festo
2902 1868 3346 1922 circumcisionis
3371 1872 3620 1937 Domini,
3650 1884 3701 1927 et
3726 1859 3781 1927 in
3830 1878 3948 1936 aliis
3977 1881 4079 1933 1²0-

2526 1952 2622 2004 stis
2643 1972 2776 2023 quse
2798 1955 2930 2007 olim
2953 1955 3148 2008 Missae
3163 1958 3595 2014 celebrabuntur.
3615 1965 3827 2032 Appen.
3850 1966 3936 2016 11.
3961 1977 4000 2019 t.
4022 1969 4074 2018 1.

3212 2081 3396 2135 Rides.

2633 2217 2786 2280 Εἰδοὶ
2811 2217 3091 2283 professo,
3141 2238 3300 2289 quum
3327 2224 3672 2295 Berengarius
3721 2226 3780 2278 in
3818 2228 4070 2283 Concilio

2526 2304 2622 2356 sub
2648 2307 2871 2359 Nicolno
2892 2308 2961 2359 11.
2992 2325 3074 2360 sn.
3103 2310 3261 2362 1150.
3290 2311 3483 2376 edidit,
3511 2315 3847 2383 expenditur,
3878 2319 3915 2369 l.
3938 2318 3995 2372 2.
4022 2337 4072 2372 c.

2521 2393 2608 2446 20.
2638 2412 2688 2444 n.
2718 2395 2768 2445 4.
2798 2407 2851 2446 ee
2870 2385 3014 2463 seqqss

2632 2484 2784 2535 Fidei
2815 2483 3007 2550 dogma
3035 2494 3141 2549 est,
3181 2486 3245 2538 ad
3285 2495 3547 2539 seternam
3587 2491 3806 2544 salutem
3860 2494 4069 2549 suffice·

2524 2586 2580 2621 re
2617 2571 2696 2631 ei,
2747 2571 2837 2639 qni
2891 2573 3108 2623 Missam
3163 2588 3271 2623 non
3327 2572 3586 2641 celebrat,
3635 2579 3910 2631 Christum
3959 2581 4061 2634 sub

2524 2659 2698 2729 specie
2726 2668 2925 2710 tantum
2955 2662 3107 2728 panis
3135 2649 3403 2729 accipere:
3434 2664 3558 2715 item
3593 2674 3759 2716 totum
3787 2668 4061 2722 Christum

2523 2763 2688 2814 seque
2726 2747 2824 2798 sub
2855 2763 2976 2809 una,
3006 2765 3064 2799 ac
3092 2749 3190 2799 sub
3220 2751 3379 2802 alters
3416 2752 3595 2820 specie
3622 2756 3925 2808 contineri.
3961 2758 4069 2810 Im-

2523 2832 2797 2900 probsndn
2827 2850 2936 2884 non
2959 2845 3039 2887 est
3064 2836 3489 2903 lexprobibens,
3519 2856 3584 2890 ne
3601 2841 3936 2895 Eucharistis
3962 2845 4063 2897 sub

2427 2919 2430 2922 ’
2521 2922 2696 2987 specie
2724 2922 2832 2971 vini
2864 2923 3174 2990 praebeatur
3198 2925 3414 2976 Missam
3444 2943 3554 2977 non
3583 2930 3994 2997 celebrantibus,
4022 2934 4060 2984 1.

2517 3007 2567 3058 2.
2598 3026 2641 3059 c.
2671 3008 2757 3059 22.
2787 3026 2835 3059 n.
2869 3011 2955 3061 30.

2628 3097 2790 3156 Fides
2827 3097 3202 3166 Mysten-iorum
3230 3099 3428 3152 Christi
3449 3103 3725 3171 explicita,
3755 3109 4064 3174 praesertim

2519 3202 2725 3247 eorum,
2745 3188 2951 3252 quaein
2980 3187 3211 3238 Ecclesia
3234 3188 3545 3240 solemniter
3574 3191 3923 3255 celebrantur,
3955 3196 4065 3247 cui-

2523 3274 2653 3325 libet
2693 3272 2986 3324 necesssria
3014 3282 3122 3335 est;
3165 3274 3255 3326 sed
3285 3275 3352 3327 de
3383 3275 3796 3332 sublimioribus
3824 3284 4060 3335 articulis

2521 3361 2609 3411 dii
2651 3361 2846 3427 magis,
2894 3360 2984 3411 alii
3015 3362 3191 3413 minus
3217 3365 3519 3431 explicitum
3551 3366 3706 3418 tidem
3746 3367 3939 3421 babere
3975 3371 4063 3424 de·

2519 3446 2676 3509 beut‚'
2692 3457 2832 3513 post.
2860 3448 3108 3514 Append.
3132 3450 3215 3500 12.
3250 3450 3305 3502 in
3338 3450 3527 3519 Praes.
3550 3454 4062 3512 Benedxlrmst.

2626 3534 2788 3586 Fides
2803 3532 2867 3585 de
2883 3536 3255 3589 incarnatione
3282 3537 3458 3589 Divini
3487 3539 3649 3593 Verbi
3672 3544 3965 3596 necessaria
3984 3553 4066 3597 est

2521 3620 2588 3673 de
2614 3620 2924 3673 necessitate
2950 3621 3147 3685 medii,
3186 3621 3258 3674 ib.

3175 3747 3389 3802 Fiscus.

2626 3884 2814 3936 Fiscus
2853 3883 3131 3953 quomodo
3171 3902 3505 3953 praesumere
3541 3889 3741 3956 possit,
3779 3909 3932 3957 enm,
3969 3896 4063 3965 qui

2520 3971 2727 4021 Hostias
2757 3979 3088 4022 consecratas
3129 3973 3265 4040 apud
3297 3990 3352 4025 se
3381 3974 3601 4039 retinet,
3628 3986 3715 4028 sut
3741 3978 3847 4029 alio
3880 3997 4064 4049 aspor-

2522 4066 2609 4119 tat,
2634 4074 2843 4125 pravam
2866 4057 3117 4110 babuisse
3138 4060 3512 4125 intentionem,
3539 4071 3592 4113 et
3610 4066 3888 4132 quomodo
3914 4086 4067 4136 prae·

2522 4162 2731 4197 sumere
2768 4146 2940 4214 possit
2980 4147 3186 4197 Hostias
3216 4148 3379 4201 fuisse
3417 4160 3772 4203 consecratas.
3812 4156 4061 4222 Append.

2525 4234 2609 4284 10.
2650 4233 2706 4284 in
2752 4232 2977 4287 Constit.
3007 4233 3214 4286 Bened.
3254 4238 3409 4290 XIV.
3442 4236 3490 4309 ᾗ.
3518 4238 3568 4289 4.
3589 4251 3642 4291 ee
3666 4241 3718 4292 6.
3745 4241 3810 4293 V.
3839 4244 4066 4305 Hostia.

3146 4359 3391 4411 Flaccus
3414 4398 3426 4410 .

2632 4496 2852 4547 Flaccus
2878 4497 3121 4564 Illyricas
3146 4514 3245 4566 per
3260 4498 3478 4550 Missam
3507 4499 3835 4569 Argentorati
3863 4503 4064 4559 editam

2523 4586 2723 4651 putarit
2758 4583 2948 4636 Fidem
2999 4584 3328 4637 catholicam
3381 4587 3725 4653 labefactare,
3764 4591 3854 4643 sed
3894 4594 3950 4644 in
4001 4611 4065 4647 ea

2523 4671 2674 4739 plura
2692 4670 3042 4739 Dogmntibus
3069 4672 3359 4725 Catholicis
3388 4674 3723 4728 stabiliendis
3748 4681 4062 4735 accomoda·

2525 4766 2574 4808 ts
2600 4759 2980 4811 continentum
3013 4758 3134 4811 ideo
3161 4760 3444 4812 Lutberani
3475 4773 3741 4827 curarunt,
3785 4772 3848 4816 ut
3876 4770 4062 4821 omnia

2523 4845 2842 4913 exemplaria
2870 4844 3336 4911 comburerentur,
3379 4850 3414 4899 l.
3435 4850 3486 4900 1.
3515 4865 3563 4901 c.
3597 4850 3681 4902 12.
3708 4867 3761 4901 ιι.
3790 4853 3842 4904 tt.

3109 4972 3428 5024 Flectamus
3448 5012 3461 5024 .

2632 5109 2949 5161 Flet-eamus
2968 5125 3146 5176 genua
3174 5110 3460 5180 aliquando
3475 5121 3599 5180 post
3633 5114 3864 5168 oremus
3888 5115 4067 5170 dicen·

2524 5196 2649 5249 dum
2677 5204 2791 5247 est.
2843 5198 2986 5249 olim
3029 5197 3297 5250 Diaconus
3325 5199 3460 5252 illud
3500 5200 3735 5267 dicebat,
3780 5212 3888 5255 tum
3942 5215 4066 5274 post

2528 5284 2758 5354 sliqusm
2790 5302 2991 5337 morsm
3033 5285 3258 5338 addebat
3285 5288 3482 5353 leonte,
3503 5290 3627 5358 quis
3652 5291 3890 5359 Populus
3910 5293 3966 5345 in
3980 5313 4067 5363 ge-
