4487 6316
1067 493 1172 545 632

1483 641 1826 709 Genuflexio.

994 817 1337 883 Genuflexio,
1367 837 1498 886 quae
1525 819 1610 881 lit,
1640 818 1767 870 dum
1797 819 2041 871 recitatur
2069 818 2380 888 Symbolum
2400 859 2419 887 ,

858 918 928 964 >et
957 910 988 959 S
1035 908 1255 959 Joannis
1281 907 1619 972 Evangelium
1650 909 1701 959 iu
1733 902 1923 972 Missa,
1962 906 2092 978 quid
2120 908 2378 978 significet
2403 946 2417 973 ,

884 997 945 1046 V.
978 993 1359 1061 Evangelium.
1386 995 1718 1063 Symbolum.

1548 1120 1758 1172 Gloria.
1841 1127 1847 1133 ”

989 1260 1174 1312 Gloria
1198 1258 1295 1312 Dei
1324 1258 1582 1326 significat
1621 1261 1779 1311 etiam
1809 1263 1920 1330 ejus
1949 1263 2164 1331 gratiam
2189 1300 2205 1324 ,
2243 1270 2296 1312 et
2325 1261 2420 1312 mi-

858 1348 1221 1401 'sericordiam
1246 1386 1259 1411 ,
1287 1348 1322 1398 1.
1348 1346 1476 1398 2.’σ.
1506 1348 1558 1401 ⁴.
1585 1366 1637 1399 n.
1670 1349 1754 1400 17.

2072 492 2278 547 INDEX
2315 493 2808 550 ALPnsnssthvs

2529 645 2607 694 vel
2633 644 2781 714 quod
2807 663 2927 698 cnm
2946 644 3213 699 Diaconos
3232 646 3492 700 Ambonis
3519 648 3712 717 gradus
3729 650 4080 720 Evangelium

2527 733 2753 786 lecturus
2779 735 3191 800 conscenderet,
3230 746 3532 803 caneretur,
3564 740 3601 791 1.
3625 738 3678 789 2.
3710 757 3755 790 c.
3786 742 3868 792 125.
3899 760 3953 793 n.
3987 743 4070 794 14.

2525 821 2755 873 Vocatur
2787 841 3002 892 quoque
3039 825 3489 891 Responsorium,
3517 828 3639 896 quia
3667 830 3908 881 Lectioni
3938 850 4074 899 quo-

2525 906 2814 960 dammodo
2845 910 3156 978 respondet,
3186 910 3258 961 ib.

2638 995 2687 1048 S.
2717 998 3042 1049 Caelestinus
3063 1037 3075 1061 ,
3104 1001 3183 1051 vel
3214 1001 3263 1051 S.
3294 1000 3582 1067 Gregorius
3611 1005 3725 1069 ejus
3752 1002 3947 1055 Auctor
3972 1014 4072 1056 est.

2522 1084 2581 1135 In
2609 1084 2857 1136 Concilio
2886 1087 3150 1139 Toletano
3178 1088 3247 1140 1v
3292 1088 3621 1155 prohibitum
3655 1091 3814 1142 l'uisse
3841 1092 4069 1155 videtur,

2521 1172 2642 1239 quia
2672 1171 2746 1222 ibi
2779 1182 3008 1225 retentus
3035 1183 3115 1226 est
3142 1174 3272 1227 ritus
3293 1175 3657 1229 Mutat-abinus
3681 1215 3695 1240 ,
3725 1179 3777 1228 in
3807 1197 3914 1247 quo
3943 1179 4075 1231 Gra-

2521 1257 2673 1312 duale
2703 1260 3076 1327 omittebatur,
3117 1264 3151 1314 1.
3177 1262 3236 1313 2.
3260 1280 3302 1316 c.
3336 1265 3369 1315 ll
3429 1282 3478 1315 n.
3513 1267 3594 1317 15.
3613 1267 3840 1318 Doloris
3866 1304 3880 1330 ,
3920 1267 4070 1318 laho-

2521 1347 2696 1415 risque
2723 1347 2932 1415 signum
2955 1357 3066 1413 est,
3109 1350 3340 1420 ideoque
3367 1351 3600 1404 pasch-ti
3643 1362 3882 1422 tempore
3910 1341 4086 1406 omit?

992 1438 1186 1489 Gloria
1214 1436 1270 1488 ίη
1298 1436 1555 1490 Est-‚celsis
1581 1437 1718 1494 Deo,
1746 1438 1977 1505 Hymnus
2009 1447 2114 1501 est,
2142 1439 2225 1490 cui
2254 1436 2418 1506 Ange-
2517 1434 2670 1501 litut,
2703 1436 2737 1487 1.
2766 1435 2821 1488 2.
2848 1453 2896 1489 c.
2928 1438 2962 1489 tl
3010 1454 3062 1488 n.
3094 1439 3181 1490 1⁹.
3226 1475 3231 1480 -

875 1529 911 1577 li
952 1526 1169 1577 initium
1208 1524 1503 1586 dederunt,
1552 1526 1830 1578 Nativitate
1867 1525 2103 1579 Christi:
2157 1528 2415 1577 nonnulla

872 1616 962 1667 alii
993 1613 1310 1666 addiderunt
1335 1612 1426 1666 sed
1456 1614 1702 1665 Auctores
1742 1614 2069 1682 ignorantur.
2101 1616 2281 1668 Graeci
2310 1615 2415 1667 Do·

871 1705 1138 1772 xologiam
1164 1710 1388 1767 vocant,
1418 1709 1475 1752 ut
1502 1719 1536 1751 a
1566 1699 1759 1753 Gloria
1797 1701 1963 1753 Patri
1985 1701 2333 1768 distinguant,
2377 1703 2411 1753 1.

871 1793 925 1843 2.
956 1809 1001 1842 c.
1029 1793 1077 1842 4.
1107 1808 1160 1842 η.
1187 1792 1240 1842 9.
1269 1801 1321 1841 ee
1347 1792 1427 1841 10.
1457 1788 1532 1840 Ab
1559 1789 1776 1841 Oriente
1803 1790 1864 1840 ad
1893 1786 2110 1841 Latinos
2141 1792 2412 1856 pervenit,

870 1897 969 1932 nec
995 1879 1167 1931 statim
1209 1879 1263 1929 in
1303 1876 1763 1929 Missa-adhibitus
1799 1886 1908 1940 est,
1948 1878 2039 1930 sed
2082 1879 2133 1929 in
2162 1880 2409 1945 Officiis,

869 1978 995 2036 post
1017 1969 1236 2028 Missam
1266 1966 1321 2016 in
1352 1965 1519 2018 Galiis
1543 2001 1559 2029 ,
1583 1984 1610 2015 a
1639 1966 1690 2016 S.
1717 1965 2005 2016 Benedicto
2035 1968 2086 2017 in
2119 1967 2410 2029 Laudibus,

870 2056 935 2107 ab
964 2056 1081 2106 aliis
1110 2056 1162 2105 in
1191 2053 1423 2122 publicis
1450 2053 1915 2104 acclamationibus
1942 2054 2053 2104 caui
2078 2056 2254 2120 coepit
2294 2057 2412 2107 Sae-

871 2147 992 2196 culo
1011 2145 1061 2193 7.
1085 2144 1324 2195 fortassis
1351 2141 1406 2191 in
1427 2142 1645 2191 Missam
1677 2142 1908 2192 invectus
1936 2150 2031 2198 est.
2059 2160 2093 2192 η
2140 2144 2204 2194 11
2250 2159 2303 2193 et
2325 2143 2406 2194 12.

975 2231 1033 2283 In
1063 2230 1242 2281 Missis
1272 2237 1470 2279 tantum
1510 2228 1804 2280 Nativitatzs
1841 2228 2059 2280 Domini
2085 2266 2098 2290 ,
2137 2239 2184 2279 et
2215 2229 2410 2282 Graece

861 2318 1081 2392 quidem
1111 2318 1167 2367 in
1206 2316 1376 2384 prima
1398 2354 1417 2380 ,
1458 2317 1642 2366 Latine
1671 2315 1723 2365 in
1764 2317 1920 2367 altera
1947 2304 2105 2367 Missa
2146 2316 2257 2376 cani
2290 2334 2407 2368 coe·

861 2411 975 2476 pit:
1015 2405 1139 2457 iude
1174 2404 1457 2472 Episcopis
1499 2403 1551 2452 in
1589 2403 1932 2470 Dominicis,
1971 2412 2020 2454 et
2060 2403 2404 2455 Soletnuibus

857 2497 1033 2548 Festis
1055 2531 1069 2556 ,
1104 2491 1430 2558 Presbyteris
1472 2490 1650 2539 solum
1677 2490 1730 2540 in
1758 2489 2004 2542 Paschate
2041 2490 2191 2540 illum
2224 2491 2404 2541 recita·

862 2602 918 2636 re
946 2580 1124 2641 licuit,
1164 2580 1196 2630 1.
1227 2577 1282 2628 2.
1309 2594 1354 2627 c.
1384 2576 1434 2626 ⁴.
1464 2594 1515 2626 n.
1549 2577 1632 2626 13.
1661 2588 1712 2628 ee
1741 2577 1828 2628 14.
1871 2578 2022 2644 Nunc
2052 2578 2104 2626 in
2147 2576 2400 2628 omnibus

861 2671 1040 2724 Missis
1071 2666 1296 2728 dicitur,
1323 2663 1555 2732 exceptis
1583 2665 1762 2715 Missis
1794 2673 2144 2724 mortuorum,
2176 2666 2398 2731 aliisque

858 2754 1206 2826 quarumdam
1235 2753 1507 2804 Feriarum
1525 2788 1539 2814 ,
1566 2761 1617 2803 et
1641 2753 2043 2808 Dominicarum
2061 2789 2076 2816 ,
2114 2771 2247 2821 quae
2276 2769 2401 2820 poe-

860 2843 1119 2897 nitentiae
1157 2841 1395 2892 addictae
1422 2848 1571 2898 sunt;
1609 2840 1694 2891 hic
1721 2842 1863 2893 enim
1904 2841 2128 2909 hymnus
2155 2841 2218 2891 ad
2261 2843 2403 2894 laeti-

858 2935 984 2985 tiam
1014 2932 1267 3001 pertinet,
1296 2929 1332 2979 1.
1360 2928 1406 2978 1.
1437 2945 1481 2978 c.
1511 2929 1560 2979 4.
1589 2946 1640 2979 n.
1672 2930 1779 3009 10.κ
2076 2993 2079 2996 Ἴ

969 3023 1115 3073 Hunc
1139 3019 1392 3086 hymnum
1433 3016 1692 3069 Lutherus
1732 3019 1845 3086 ipse
1873 3016 2143 3085 probavit,
2186 3019 2221 3069 1.
2266 3019 2318 3072 1.
2347 3037 2394 3070 c.

859 3113 907 3164 4.
951 3127 1003 3161 n.
1046 3108 1131 3160 19.
1168 3104 1340 3157 Verba
1386 3103 1609 3156 Gratias
1643 3104 1856 3173 agimus
1887 3103 1996 3156 eibi
2023 3117 2251 3174 propter
2285 3124 2397 3157 ma-

850 3216 1016 3269 gnam
1041 3194 1277 3264 gloriam
1305 3205 1455 3245 ruam
1482 3194 1810 3261 significant,
1850 3193 2038 3262 gratias
2066 3194 2144 3264 agi
2177 3205 2395 3263 propter

847 3282 1425 3344 Dei-misericordiam,
1454 3280 1523 3331 th.
2037 3344 2043 3351 ὁ
2228 3334 2231 3337 ,

954 3374 1107 3427 Nunc
1146 3371 1199 3419 in
1244 3369 1422 3420 medio
1473 3367 1633 3419 Altari
1676 3367 1895 3438 dicitur:
1946 3369 2079 3418 olim
2120 3367 2395 3422 dicebatur

848 3465 905 3513 in
946 3476 1112 3513 cornu
1148 3456 1446 3525 Epistulae,
1490 3465 1540 3507 ut
1580 3474 1720 3506 nunc
1747 3456 1806 3506 lit
1843 3476 1869 3505 a
1906 3455 2267 3508 carthusianis
2291 3494 2305 3520 ,
2344 3464 2396 3508 et

848 3551 957 3604 FF.
984 3544 1474 3609 praedicatoribus,
1504 3545 1541 3595 l.
1575 3547 1619 3595 1.
1652 3561 1696 3594 c.
1729 3545 1779 3595 6.
1809 3561 1863 3594 η.
1888 3543 1942 3594 2.

964 3632 1156 3688 Gloria
1193 3631 1359 3684 Patri
1392 3631 1454 3682 ab
1495 3632 1725 3699 antiquis
1759 3630 2002 3682 Patribus
2041 3630 2397 3683 Glorificatio-

854 3727 938 3776 nis
962 3723 1191 3791 hymnus
1218 3720 1413 3771 dicitur
1438 3720 1497 3771 ln
1525 3719 1788 3771 Ecclesiae
1827 3718 2143 3787 primordiis
2170 3737 2232 3771 ex
2260 3719 2396 3788 Apo-

853 3810 1035 3862 stolica
1065 3807 1348 3860 traditione
1377 3816 1654 3872 usurpatus
1681 3806 1939 3869 creditur,
1979 3808 2059 3857 cui
2091 3806 2392 3860 Nicoenum

843 3896 1147 3951 Concilium
1190 3892 1253 3944 ad
1296 3893 1616 3945 refellendos
1657 3894 1879 3945 Arianos
1918 3892 2188 3946 addidisse
2229 3894 2396 3947 fertur

849 3985 999 4039 Sicu
1024 3993 1144 4034 erar
1168 3980 1225 4032 in
1247 3980 1524 4049 principio
1547 3992 1646 4032 etc.
1676 3983 1808 4034 Haec
1834 3980 2038 4033 additio
2066 3982 2120 4033 in
2142 3967 2393 4049 Hispania

850 4072 1017 4124 serius
1045 4078 1291 4138 usurpata
1317 4072 1423 4133 est,
1464 4086 1634 4138 neque
1662 4071 1862 4135 integra
1886 4070 2110 4123 habetur
2138 4071 2192 4121 in
2220 4073 2393 4123 Litur-

846 4162 928 4230 gia
952 4157 1283 4212 Momrabica
1322 4158 1358 4207 1.
1395 4156 1430 4207 2
1490 4174 1535 4208 c.
1576 4158 1625 4209 ³.
1664 4176 1717 4208 n.
1745 4158 1797 4208 2.
1828 4170 1880 4210 et
1918 4159 1973 4209 3.
2007 4157 2083 4211 Ad
2120 4159 2389 4211 Psalmum

849 4245 1075 4300 Lavabo.
1099 4246 1152 4295 in
1180 4244 1340 4295 Missa
1370 4245 1636 4297 omittitur
1666 4246 2001 4315 a'Dominica
2025 4245 2298 4298 Passionis
2327 4245 2391 4296 ad

833 4333 1133 4395 ,Sabbatum
1164 4332 1407 4383 Sanctum
1427 4368 1442 4394 ,
1469 4340 1519 4382 el
1547 4333 1600 4382 in
1630 4335 1684 4383 M
1709 4333 1809 4383 ssis
1834 4332 2236 4394 Defunotorum,
2271 4351 2388 4383 cum

852 4422 1101 4475 laetitiam
1132 4420 1464 4487 praeseferat,
1493 4438 1625 4489 quae
1654 4421 1736 4471 his
1764 4419 1955 4472 diebus
1982 4436 2093 4471 non
2120 4422 2388 4485 convenit,

851 4513 885 4560 1.
912 4509 963 4560 2,
999 4525 1045 4561 c.
1076 4508 1159 4559 11.
1186 4524 1238 4557 n.
1271 4508 1299 4558 1
1346 4518 1397 4558 ee
1419 4506 1471 4558 2.

1476 4682 1483 4689 ,
1512 4631 1719 4698 Glossa.
1809 4637 1812 4640 ’

956 4772 1263 4824 Glossarum
1288 4771 1431 4824 Juris
1468 4770 1723 4823 Canonici
1764 4772 2014 4823 'Auctor-es
2053 4771 2383 4827 celeberrimi

845 4862 925 4914 vel
952 4859 1225 4912 Bononiae
1253 4859 1357 4909 nati
1388 4867 1538 4929 sunt,
1569 4862 1647 4911 vel
1677 4859 1750 4911 ibi
1780 4858 2105 4922 floruerunt,
2128 4871 2252 4931 post
2277 4861 2387 4928 Ap·
2426 4919 2430 4923 ‚

841 4946 1003 5019 pend.
1035 4947 1119 4999 1³.
1147 4947 1203 4998 in
1233 4942 1421 5012 Praejt
1450 4945 1654 4999 Bened.
1683 4950 1738 5000 Χ
1741 4951 1774 5001 Ι
1779 4950 1839 5000 V.
1868 4964 1924 4998 n.
1956 4946 2040 4999 10.

1463 5070 1742 5123 Graduale
1764 5111 1774 5121 .

947 5211 1235 5275 Graduale,
1286 5226 1377 5263 seu
1416 5208 1719 5277 Antiphona
1755 5229 1889 5280 quae
1940 5220 2062 5279 post
2099 5212 2381 5278 epistolam

842 5302 1060 5369 legitur,
1088 5300 1163 5350 sic
1191 5299 1503 5367 appellatur,
1532 5299 1611 5348 vel
1637 5298 1783 5367 quod
1812 5301 1867 5351 in
1897 5298 2084 5351 Altaris
2113 5299 2380 5369 gradibus,

3184 1562 3399 1614 Graeci.

2624 1699 2805 1752 Graeci
2836 1700 2978 1773 albo,
2998 1710 3050 1753 et
3077 1701 3244 1755 rubeo
3272 1702 3538 1754 dumtaxat
3562 1705 3743 1756 colore
3770 1705 4061 1774 aliquando

2513 1788 2591 1838 usi
2617 1798 2757 1840 sunt.
2783 1792 2848 1842 V.
2883 1791 3060 1842 Color.
3081 1791 3169 1842 Bis
3198 1809 3384 1860 aquam
3414 1794 3466 1842 in
3488 1793 3720 1844 Calicem
3753 1793 4058 1844 infundunt.

2509 1876 2572 1926 V.
2601 1877 2781 1943 Aqua.
2811 1879 3018 1929 Hostias
3045 1878 3323 1947 quadratas
3352 1880 3623 1940 adhihent:
3653 1891 3703 1931 et
3729 1882 3979 1942 Calicem,
4008 1890 4062 1934 et

2509 1964 2744 2015 Hostiam
2785 1966 3145 2019 diversimode
3182 1968 3445 2033 aLatinis
3483 1985 3645 2038 super
3680 1968 3851 2022 Allare
3890 1970 4061 2022 collo·

2510 2061 2655 2115 cant,
2681 2054 2745 2105 V.
2774 2055 2978 2106 Hostia

2617 2142 2677 2193 ln
2713 2143 2875 2193 Missa
2915 2142 3139 2209 spongia
3165 2160 3266 2210 pro
3306 2142 3672 2208 purificatorio
3711 2151 3967 2210 utuntur,
4005 2152 4058 2196 et

2507 2245 2694 2295 quare,
2738 2229 2772 2278 1.
2808 2231 2852 2280 ¹.
2882 2246 2926 2279 c.
2957 2230 3009 2280 tl.
3037 2246 3071 2279 n
3119 2230 3169 2280 ll.
3199 2229 3420 2280 Duobus
3451 2247 3666 2299 quoque
3705 2239 3924 2282 utuntur
3948 2233 4058 2282 Ma·

2506 2317 2736 2383 nipulis,
2768 2317 2798 2367 1,
2838 2318 2884 2368 1.
2914 2334 2962 2368 c.
2985 2318 3037 2368 8.
3066 2334 3118 2366 n.
3149 2318 3198 2368 ll.

2611 2405 2832 2470 Magnos
2867 2405 3103 2455 tribuunt
3130 2403 3364 2456 honores
3395 2406 3512 2471 pani
3533 2443 3547 2467 ,
3586 2414 3639 2457 et
3668 2406 3823 2469 vino,
3862 2425 3996 2475 quae
4024 2427 4054 2457 a

2499 2489 2701 2541 Protesi
2742 2490 2807 2541 ad
2846 2490 3016 2543 Altare
3054 2493 3408 2542 consecranda
3447 2492 3757 2544 deferuntur
3780 2530 3794 2554 ,
3835 2510 3951 2543 mos
3988 2511 4054 2545 ex

2497 2578 3072 2632 praesanctificatorum
3102 2580 3412 2631 adoratione
3442 2590 3588 2632 ortus
3614 2590 3718 2644 est,
3742 2582 3775 2632 1.
3802 2580 3853 2630 2.
3885 2598 3932 2631 c.
3962 2584 4048 2633 15.

2471 2717 2474 2720 Δ
2498 2682 2549 2716 η.
2577 2665 2665 2717 27.

2603 2754 2730 2806 Post
2768 2755 3222 2807 consecrationem
3261 2755 3315 2806 in
3353 2757 3516 2806 Missa
3556 2764 3704 2807 orant
3743 2758 3945 2819 Deum,
3989 2767 4051 2809 ut

2495 2829 2714 2910 panem,
2743 2851 2795 2894 et
2825 2845 3005 2893 vinum
3037 2844 3089 2893 in
3119 2843 3320 2896 Christi
3352 2844 3562 2910 Corpus
3586 2881 3600 2905 ,
3640 2853 3688 2896 et
3719 2845 4040 2913 Sanguinem

2494 2929 2756 2995 immutet,
2787 2938 2837 2982 et
2862 2948 3042 2999 quare.
3069 2925 3308 2983 Credunt
3332 2918 3504 2981 tamen
3535 2931 4053 2984 transubstantiatio·

2493 3033 2613 3067 nem
2641 3017 2823 3068 factam
2846 3035 2961 3069 esse
2987 3034 3085 3086 per
3111 3016 3266 3070 verba
3287 3018 3723 3082 consecrationis,
3746 3027 3800 3068 ut
3828 3019 3882 3070 in
3902 3020 4053 3074 Con-

2492 3105 2620 3156 cilio
2650 3107 2967 3157 Florentino
3006 3106 3401 3175 explicuerunt,
3449 3104 3544 3158 lib.
3573 3089 3617 3157 ⁴³
3668 3123 3715 3157 c.
3745 3108 3829 3160 115.
3868 3125 3921 3157 n.
3954 3109 4051 3163 16.

2493 3193 2570 3245 ad
2588 3194 2678 3254 20.
2702 3193 2853 3263 Apud
2884 3196 3032 3263 ipsos
3060 3194 3390 3246 consecratio
3417 3196 3769 3247 essentialiter
3794 3198 4054 3249 consistit

2492 3283 2546 3333 in
2576 3283 2749 3335 verbis
2785 3282 3017 3347 Christi,
3057 3284 3186 3335 Hoc
3222 3294 3301 3335 esc
3342 3283 3550 3352 Corpus
3587 3300 3780 3334 meum.
3823 3282 3938 3336 Hic
3963 3297 4053 3337 est

2493 3369 2660 3429 Galia:
2687 3382 2784 3420 ete.
2815 3369 2886 3421 ib.

2599 3459 2658 3510 In
2690 3458 3009 3513 Graecorum
3029 3456 3280 3513 Ecclesiis
3309 3456 3464 3508 unica
3490 3473 3586 3525 per
3606 3455 3748 3507 diem
3770 3458 4049 3511 Missase·

2493 3544 2821 3608 lebrabatur,
2861 3547 2901 3597 1.
2927 3545 2977 3596 ³.
3018 3561 3049 3596 c
3092 3544 3146 3595 2.
3185 3562 3239 3596 n.
3279 3545 3331 3597 0.
3362 3544 3669 3619 Sacerdotes
3707 3546 3852 3599 enim
3894 3546 4044 3600 inter

2451 3668 2452 3671 κ
2493 3633 2642 3700 ipsos
2672 3651 2887 3686 uxorem
2914 3631 3129 3695 habent,
3149 3634 3388 3702 quivero
3416 3649 3524 3683 non
3554 3631 3768 3699 habent,
3789 3633 4047 3701 qnotidie

2493 3720 2783 3782 celebrant,
2823 3738 2874 3771 n.
2907 3722 2990 3772 10.
3018 3721 3078 3772 ln
3105 3720 3411 3771 Minoribus
3439 3719 3724 3772 ordinibus
3763 3723 4048 3774 constituti

2493 3825 2709 3860 uxorem
2760 3807 2948 3861 ducere
2989 3817 3247 3876 possunt,
3293 3825 3514 3877 eamque
3563 3807 3623 3858 ad
3672 3808 4048 3873 Sacerdotium

2493 3897 2727 3964 promoti
2755 3899 2995 3949 retinere.
3019 3895 3119 3949 Sed
3148 3897 3216 3947 iis
3239 3913 3345 3947 non
3369 3897 3693 3965 permittitur
3714 3899 3932 3948 Missam
3959 3880 4052 3951 ce-

2491 3983 2694 4037 lebrare
2727 3984 2769 4034 si
2802 3985 3044 4052 proxima
3080 3993 3237 4034 nocte
3274 4001 3392 4035 cum
3424 4001 3587 4035 uxore
3613 3984 4004 4036 concubuerint
4028 4026 4048 4052 ,

2490 4073 2529 4128 1.
2555 4071 2607 4124 8.
2647 4089 2694 4123 c.
2735 4073 2818 4122 11.
2846 4088 2899 4120 n.
2929 4072 3012 4124 11.

2596 4160 2795 4213 Diebus
2820 4160 3006 4226 jejunii
3046 4175 3155 4210 non
3184 4167 3523 4222 consecrant,
3562 4158 3653 4210 sed
3684 4162 4060 4227 praesanctifi-

2490 4256 2658 4299 catum
2687 4263 2876 4316 panem
2915 4256 3153 4310 sumunt,
3196 4254 3247 4298 et
3272 4229 3480 4314 quare,
3502 4246 3538 4296 l.
3567 4229 3616 4295 3'.
3658 4261 3703 4296 c.
3737 4247 3821 4298 15.
3862 4263 3915 4297 n.
3949 4248 4050 4300 14.

2488 4338 2684 4388 Eorum
2719 4334 3026 4388 Sacerdotes
3055 4335 3108 4383 in
3136 4333 3402 4397 Urbibus,
3441 4333 3496 4385 in
3526 4333 3721 4403 quibus
3749 4350 3911 4385 unum
3954 4324 4058 4385 so-

2490 4425 2598 4476 lum
2626 4432 2705 4475 est
2732 4421 3019 4490 Templum
3038 4458 3053 4484 ,
3092 4439 3212 4473 cum
3241 4421 3512 4490 Episcopo
3539 4420 3837 4492 celebrant,
3866 4439 3912 4484 e.
3942 4424 4048 4475 18.

2489 4530 2542 4564 n.
2573 4519 2619 4562 1.
2649 4514 2716 4564 V.
2746 4509 3174 4575 Concelebraez’og

2599 4600 2781 4653 Graeci
2811 4599 2865 4649 in
2891 4600 3054 4649 Missa
3083 4598 3158 4664 id,
3188 4597 3333 4667 quod
3362 4598 3535 4649 Latini
3562 4596 3620 4648 in
3650 4606 3832 4667 quarta
3858 4598 4057 4650 Cano-

2488 4690 2572 4740 nis
2600 4688 2840 4739 oratione
2874 4676 3178 4754 exprimunt
3207 4672 3302 4754 per
3338 4687 3425 4736 illa
3473 4685 3630 4738 verba
3670 4687 3755 4738 De
3791 4684 3900 4736 ruis
3938 4686 4062 4739 do-

2488 4778 2599 4839 m's,
2627 4793 2693 4827 ac
2719 4773 2898 4838 dacis,
2938 4774 3175 4826 enuntiat
3200 4772 3407 4836 verbis,
3445 4785 3542 4826 rua
3579 4791 3651 4826 εει·
3687 4772 3798 4826 ruis
3823 4774 3858 4824 1.
3895 4772 3957 4823 ².
3995 4793 4055 4828 c.

2489 4866 2557 4917 16
2594 4881 2657 5003 Irii
2675 4864 2897 5000 s¹olemni
2921 4946 3300 4999 communione
3317 4947 3482 5010 Viris,
3505 4955 3558 4998 et
3576 4945 3817 4998 reminis
3834 4946 4065 5001 Eucha-

2488 5037 2686 5088 ristiam
2720 5036 2820 5104 ipsi
2852 5033 2948 5086 sub
2979 5043 3196 5101 utraque
3223 5036 3397 5101 specie
3427 5032 3697 5094 exhibent,
3726 5041 3779 5084 et
3804 5051 4064 5099 quomo-

2486 5124 2588 5187 do,
2627 5124 2662 5174 l.
2699 5122 2752 5174 2.
2791 5140 2821 5173 c
2863 5120 2950 5172 22.
2993 5137 3048 5170 n.
3084 5120 3172 5172 28.
3211 5122 3368 5174 Feria
3405 5122 3455 5172 ll.
3495 5120 3549 5170 in
3590 5121 3768 5173 Coena
3806 5121 4065 5175 Domini

2484 5209 2736 5285 grandior
2773 5209 2924 5277 panis
2963 5216 3331 5271 consecratur,
3371 5206 3521 5273 cujus
3548 5215 3784 5274 quartam
3826 5216 4066 5273 partem

2487 5297 2645 5350 sumit
2682 5295 2966 5358 Sacerdos,
2994 5295 3249 5363 ⁸reliquae
3289 5304 3392 5346 tres
3429 5294 3496 5359 ‚in
3536 5293 3847 5376 particulas,
3869 5365 3874 5368 ἤ
3898 5313 4069 5364 quas
