<?xml version="1.0" encoding="UTF-8"?>
<!DOCTYPE html PUBLIC "-//W3C//DTD XHTML 1.0 Transitional//EN"
    "http://www.w3.org/TR/xhtml1/DTD/xhtml1-transitional.dtd">
<html xmlns="http://www.w3.org/1999/xhtml" xml:lang="en" lang="en">
 <head>
  <title>
</title>
<meta http-equiv="Content-Type" content="text/html;charset=utf-8" />
  <meta name='ocr-system' content='tesseract 3.04.00' />
  <meta name='ocr-capabilities' content='ocr_page ocr_carea ocr_par ocr_line ocrx_word'/>
</head>
<body>
  <div class='ocr_page' id='page_1' title='image "benedictixivpon00xivgoog_0073.png"; bbox 0 0 4487 6316; ppageno 0'>
   <div class='ocr_carea' id='block_1_1' title="bbox 1820 524 2349 585">
    <p class='ocr_par' dir='ltr' id='par_1_1' title="bbox 1820 524 2349 585">
     <span class='ocr_line' id='line_1_1' title="bbox 1820 524 2349 585; baseline -0.013 -4"><span class='ocrx_word' id='word_1_1' title='bbox 1820 528 1957 581; x_wconf 63' lang='grc' dir='ltr'><strong>ΙπῑΒ.</strong></span> <span class='ocrx_word' id='word_1_2' title='bbox 1996 527 2062 583; x_wconf 77' lang='lat' dir='ltr'>u.</span> <span class='ocrx_word' id='word_1_3' title='bbox 2100 527 2242 585; x_wconf 69' lang='lat' dir='ltr'>CAP.</span> <span class='ocrx_word' id='word_1_4' title='bbox 2283 524 2349 578; x_wconf 70' lang='grc' dir='ltr'>Ι.</span> 
     </span>
    </p>
   </div>
   <div class='ocr_carea' id='block_1_2' title="bbox 133 664 2020 5022">
    <p class='ocr_par' dir='ltr' id='par_1_2' title="bbox 133 664 2020 5022">
     <span class='ocr_line' id='line_1_2' title="bbox 450 664 2016 754; baseline 0.001 -24"><span class='ocrx_word' id='word_1_5' title='bbox 450 679 587 750; x_wconf 69' lang='lat' dir='ltr'>pter</span> <span class='ocrx_word' id='word_1_6' title='bbox 612 671 881 749; x_wconf 69' lang='lat' dir='ltr'>majorem</span> <span class='ocrx_word' id='word_1_7' title='bbox 908 671 1390 754; x_wconf 67' lang='lat' dir='ltr'>honmficctttioen</span> <span class='ocrx_word' id='word_1_8' title='bbox 1418 664 1800 752; x_wconf 56' lang='lat' dir='ltr'>Eumenem</span> <span class='ocrx_word' id='word_1_9' title='bbox 1841 672 2016 732; x_wconf 75' lang='lat' dir='ltr'>latine</span> 
     </span>
     <span class='ocr_line' id='line_1_3' title="bbox 463 766 2018 857; baseline 0.001 -32"><span class='ocrx_word' id='word_1_10' title='bbox 463 767 688 844; x_wconf 60' lang='lat' dir='ltr'>legam</span> <span class='ocrx_word' id='word_1_11' title='bbox 711 812 727 836; x_wconf 91' lang='lat'><em>,</em></span> <span class='ocrx_word' id='word_1_12' title='bbox 760 777 809 827; x_wconf 74' lang='lat' dir='ltr'>et</span> <span class='ocrx_word' id='word_1_13' title='bbox 842 778 1031 846; x_wconf 70' lang='lat' dir='ltr'>postea</span> <span class='ocrx_word' id='word_1_14' title='bbox 1056 766 1393 829; x_wconf 77' lang='lat' dir='ltr'>Sclawnica</span> <span class='ocrx_word' id='word_1_15' title='bbox 1435 771 1635 846; x_wconf 69' lang='lat' dir='ltr'>linqua</span> <span class='ocrx_word' id='word_1_16' title='bbox 1675 769 2018 857; x_wconf 64' lang='lat' dir='ltr'>translatum</span> 
     </span>
     <span class='ocr_line' id='line_1_4' title="bbox 462 861 2017 949; baseline 0.002 -29"><span class='ocrx_word' id='word_1_17' title='bbox 462 862 530 921; x_wconf 74' lang='lat' dir='ltr'>in</span> <span class='ocrx_word' id='word_1_18' title='bbox 567 879 732 922; x_wconf 70' lang='lat' dir='ltr'>aures</span> <span class='ocrx_word' id='word_1_19' title='bbox 770 864 970 942; x_wconf 77' lang='lat' dir='ltr'>populi</span> <span class='ocrx_word' id='word_1_20' title='bbox 1020 861 1236 929; x_wconf 70' lang='lat' dir='ltr'>Latina</span> <span class='ocrx_word' id='word_1_21' title='bbox 1282 866 1448 924; x_wconf 77' lang='lat' dir='ltr'>cerba</span> <span class='ocrx_word' id='word_1_22' title='bbox 1492 884 1604 923; x_wconf 76' lang='lat' dir='ltr'>non</span> <span class='ocrx_word' id='word_1_23' title='bbox 1651 864 2017 949; x_wconf 72' lang='lat' dir='ltr'>intelliqentis</span> 
     </span>
     <span class='ocr_line' id='line_1_5' title="bbox 456 958 2020 1040; baseline 0.001 -23"><span class='ocrx_word' id='word_1_24' title='bbox 456 958 836 1017; x_wconf 62' lang='lat' dir='ltr'>ammittat</span> <span class='ocrx_word' id='word_1_25' title='bbox 861 1004 877 1027; x_wconf 88' lang='lat'>‚</span> <span class='ocrx_word' id='word_1_26' title='bbox 908 958 1080 1018; x_wconf 68' lang='lat' dir='ltr'>sicuti</span> <span class='ocrx_word' id='word_1_27' title='bbox 1109 960 1170 1017; x_wconf 73' lang='lat' dir='ltr'>in</span> <span class='ocrx_word' id='word_1_28' title='bbox 1213 959 1550 1036; x_wconf 74' lang='lat' dir='ltr'>quibusdam</span> <span class='ocrx_word' id='word_1_29' title='bbox 1586 959 1857 1020; x_wconf 72' lang='lat' dir='ltr'>Ecclesiis</span> <span class='ocrx_word' id='word_1_30' title='bbox 1892 960 2020 1040; x_wconf 74' lang='lat' dir='ltr'>fieri</span> 
     </span>
     <span class='ocr_line' id='line_1_6' title="bbox 458 1044 2018 1134; baseline 0.001 -23"><span class='ocrx_word' id='word_1_31' title='bbox 458 1052 703 1111; x_wconf 66' lang='lat' dir='ltr'>ridetur.</span> <span class='ocrx_word' id='word_1_32' title='bbox 736 1050 821 1110; x_wconf 79' lang='lat' dir='ltr'>Et</span> <span class='ocrx_word' id='word_1_33' title='bbox 846 1053 899 1110; x_wconf 70' lang='grc' dir='ltr'>ει·</span> <span class='ocrx_word' id='word_1_34' title='bbox 926 1052 1030 1112; x_wconf 73' lang='lat' dir='ltr'>tien·</span> <span class='ocrx_word' id='word_1_35' title='bbox 1054 1062 1104 1112; x_wconf 82' lang='lat' dir='ltr'>et</span> <span class='ocrx_word' id='word_1_36' title='bbox 1127 1054 1416 1130; x_wconf 56' lang='lat' dir='ltr'>judicibus</span> <span class='ocrx_word' id='word_1_37' title='bbox 1446 1055 1558 1113; x_wconf 68' lang='lat' dir='ltr'>tuis</span> <span class='ocrx_word' id='word_1_38' title='bbox 1580 1056 1762 1134; x_wconf 78' lang='lat' dir='ltr'>ptacet</span> <span class='ocrx_word' id='word_1_39' title='bbox 1804 1044 2018 1115; x_wconf 66' lang='lat' dir='ltr'>Missas</span> 
     </span>
     <span class='ocr_line' id='line_1_7' title="bbox 463 1140 2018 1229; baseline 0.003 -24"><span class='ocrx_word' id='word_1_40' title='bbox 463 1144 685 1206; x_wconf 66' lang='lat' dir='ltr'>Latina</span> <span class='ocrx_word' id='word_1_41' title='bbox 715 1148 915 1224; x_wconf 69' lang='lat' dir='ltr'>linqua</span> <span class='ocrx_word' id='word_1_42' title='bbox 943 1149 1123 1226; x_wconf 58' lang='grc' dir='ltr'><strong>’παρῶ</strong></span> <span class='ocrx_word' id='word_1_43' title='bbox 1158 1140 1361 1209; x_wconf 61' lang='lat' dir='ltr'>audire</span> <span class='ocrx_word' id='word_1_44' title='bbox 1385 1196 1400 1217; x_wconf 93' lang='lat'>,</span> <span class='ocrx_word' id='word_1_45' title='bbox 1430 1149 1808 1229; x_wconf 73' lang='lat' dir='ltr'>praecipimus</span> <span class='ocrx_word' id='word_1_46' title='bbox 1835 1159 1902 1207; x_wconf 70' lang='lat' dir='ltr'>ut</span> <span class='ocrx_word' id='word_1_47' title='bbox 1935 1150 2018 1209; x_wconf 80' lang='lat' dir='ltr'>la-</span> 
     </span>
     <span class='ocr_line' id='line_1_8' title="bbox 462 1236 2016 1313; baseline 0.002 -13"><span class='ocrx_word' id='word_1_48' title='bbox 462 1242 581 1300; x_wconf 70' lang='lat' dir='ltr'>tine</span> <span class='ocrx_word' id='word_1_49' title='bbox 634 1236 953 1305; x_wconf 56' lang='lat' dir='ltr'>Musarum</span> <span class='ocrx_word' id='word_1_50' title='bbox 1001 1245 1272 1304; x_wconf 52' lang='lat' dir='ltr'>solemma</span> <span class='ocrx_word' id='word_1_51' title='bbox 1322 1246 1684 1313; x_wconf 58' lang='lat' dir='ltr'>celebr-entim.</span> <span class='ocrx_word' id='word_1_52' title='bbox 1722 1242 1825 1305; x_wconf 78' lang='lat' dir='ltr'>Ait</span> <span class='ocrx_word' id='word_1_53' title='bbox 1856 1243 2016 1304; x_wconf 88' lang='lat' dir='ltr'>Pon-</span> 
     </span>
     <span class='ocr_line' id='line_1_9' title="bbox 466 1334 2019 1437; baseline 0 -39"><span class='ocrx_word' id='word_1_54' title='bbox 466 1334 615 1398; x_wconf 67' lang='lat' dir='ltr'>tifex</span> <span class='ocrx_word' id='word_1_55' title='bbox 640 1382 656 1409; x_wconf 92' lang='lat'><em>‚</em></span> <span class='ocrx_word' id='word_1_56' title='bbox 684 1335 748 1396; x_wconf 87' lang='lat' dir='ltr'>in</span> <span class='ocrx_word' id='word_1_57' title='bbox 779 1336 1089 1417; x_wconf 73' lang='lat' dir='ltr'><strong>aliquibus</strong></span> <span class='ocrx_word' id='word_1_58' title='bbox 1120 1338 1400 1400; x_wconf 87' lang='lat' dir='ltr'>Ecclesiis</span> <span class='ocrx_word' id='word_1_59' title='bbox 1424 1338 1824 1437; x_wconf 68' lang='lat' dir='ltr'>Evangelium</span> <span class='ocrx_word' id='word_1_60' title='bbox 1860 1336 2019 1400; x_wconf 81' lang='lat' dir='ltr'>Lati-</span> 
     </span>
     <span class='ocr_line' id='line_1_10' title="bbox 461 1430 2014 1514; baseline 0.001 -23"><span class='ocrx_word' id='word_1_61' title='bbox 461 1448 545 1491; x_wconf 85' lang='lat' dir='ltr'>no</span> <span class='ocrx_word' id='word_1_62' title='bbox 584 1430 851 1509; x_wconf 83' lang='lat' dir='ltr'>primum</span> <span class='ocrx_word' id='word_1_63' title='bbox 875 1475 892 1503; x_wconf 88' lang='lat'>,</span> <span class='ocrx_word' id='word_1_64' title='bbox 933 1430 1151 1493; x_wconf 87' lang='lat' dir='ltr'>deinde</span> <span class='ocrx_word' id='word_1_65' title='bbox 1201 1432 1526 1495; x_wconf 86' lang='lat' dir='ltr'>vernaculo</span> <span class='ocrx_word' id='word_1_66' title='bbox 1573 1452 1848 1494; x_wconf 87' lang='lat' dir='ltr'>sermone</span> <span class='ocrx_word' id='word_1_67' title='bbox 1897 1430 2014 1514; x_wconf 75' lang='lat' dir='ltr'>legi</span> 
     </span>
     <span class='ocr_line' id='line_1_11' title="bbox 456 1543 1172 1598; baseline 0.003 -13"><span class='ocrx_word' id='word_1_68' title='bbox 456 1543 852 1586; x_wconf 83' lang='lat' dir='ltr'>consuevisse.</span> <span class='ocrx_word' id='word_1_69' title='bbox 1154 1577 1172 1598; x_wconf 79' lang='grc'><strong>.</strong></span> 
     </span>
     <span class='ocr_line' id='line_1_12' title="bbox 138 1620 2016 1703; baseline 0.005 -27"><span class='ocrx_word' id='word_1_70' title='bbox 138 1626 414 1693; x_wconf 53' lang='grc' dir='ltr'>ἰωῇ-,σαρ-</span> <span class='ocrx_word' id='word_1_71' title='bbox 580 1623 674 1679; x_wconf 90' lang='grc'>11.</span> <span class='ocrx_word' id='word_1_72' title='bbox 725 1620 802 1682; x_wconf 88' lang='lat' dir='ltr'>Et</span> <span class='ocrx_word' id='word_1_73' title='bbox 843 1639 990 1682; x_wconf 81' lang='lat' dir='ltr'>sane</span> <span class='ocrx_word' id='word_1_74' title='bbox 1028 1620 1296 1684; x_wconf 87' lang='lat' dir='ltr'>dubitari</span> <span class='ocrx_word' id='word_1_75' title='bbox 1340 1641 1462 1683; x_wconf 88' lang='lat' dir='ltr'>non</span> <span class='ocrx_word' id='word_1_76' title='bbox 1509 1630 1738 1703; x_wconf 75' lang='lat' dir='ltr'>potest,</span> <span class='ocrx_word' id='word_1_77' title='bbox 1785 1642 2016 1685; x_wconf 85' lang='lat' dir='ltr'>morem</span> 
     </span>
     <span class='ocr_line' id='line_1_13' title="bbox 137 1682 2018 1801; baseline -0.001 -19"><span class='ocrx_word' id='word_1_78' title='bbox 137 1682 413 1782; x_wconf 45' lang='lat' dir='ltr'>22:⁸3⁹*ss</span> <span class='ocrx_word' id='word_1_79' title='bbox 456 1711 605 1775; x_wconf 78' lang='lat' dir='ltr'>olim</span> <span class='ocrx_word' id='word_1_80' title='bbox 630 1715 814 1785; x_wconf 77' lang='lat' dir='ltr'>fuisse</span> <span class='ocrx_word' id='word_1_81' title='bbox 836 1762 854 1790; x_wconf 91' lang='lat'>‚</span> <span class='ocrx_word' id='word_1_82' title='bbox 879 1717 1035 1779; x_wconf 88' lang='lat' dir='ltr'>utin</span> <span class='ocrx_word' id='word_1_83' title='bbox 1071 1718 1252 1780; x_wconf 80' lang='lat' dir='ltr'>Missa</span> <span class='ocrx_word' id='word_1_84' title='bbox 1282 1719 1679 1801; x_wconf 77' lang='lat' dir='ltr'>Evangelium</span> <span class='ocrx_word' id='word_1_85' title='bbox 1704 1764 1720 1793; x_wconf 92' lang='lat'>‚</span> <span class='ocrx_word' id='word_1_86' title='bbox 1756 1718 2018 1801; x_wconf 83' lang='lat' dir='ltr'>Prophe-</span> 
     </span>
     <span class='ocr_line' id='line_1_14' title="bbox 133 1796 2019 1912; baseline 0.004 -43"><span class='ocrx_word' id='word_1_87' title='bbox 133 1796 413 1912; x_wconf 48' lang='lat' dir='ltr'>:⁸5:⁸2¹ss-</span> <span class='ocrx_word' id='word_1_88' title='bbox 454 1808 574 1871; x_wconf 81' lang='lat' dir='ltr'>tiae</span> <span class='ocrx_word' id='word_1_89' title='bbox 606 1809 816 1873; x_wconf 88' lang='lat' dir='ltr'>itidem</span> <span class='ocrx_word' id='word_1_90' title='bbox 849 1820 911 1874; x_wconf 83' lang='lat' dir='ltr'>et</span> <span class='ocrx_word' id='word_1_91' title='bbox 949 1813 1253 1894; x_wconf 80' lang='lat' dir='ltr'>Epistulae</span> <span class='ocrx_word' id='word_1_92' title='bbox 1284 1814 1521 1876; x_wconf 88' lang='lat' dir='ltr'>duabus</span> <span class='ocrx_word' id='word_1_93' title='bbox 1551 1813 1883 1895; x_wconf 76' lang='lat' dir='ltr'>legerenter</span> <span class='ocrx_word' id='word_1_94' title='bbox 1905 1814 2019 1876; x_wconf 88' lang='lat' dir='ltr'>lin-</span> 
     </span>
     <span class='ocr_line' id='line_1_15' title="bbox 135 1903 1612 1954; baseline 0.005 -38"><span class='ocrx_word' id='word_1_95' title='bbox 135 1909 250 1954; x_wconf 52' lang='grc' dir='ltr'>Μ..</span> <span class='ocrx_word' id='word_1_96' title='bbox 369 1918 414 1953; x_wconf 63' lang='lat' dir='ltr'>a</span> <span class='ocrx_word' id='word_1_97' title='bbox 544 1903 558 1918; x_wconf 88' lang='lat'><strong>.</strong></span> <span class='ocrx_word' id='word_1_98' title='bbox 839 1906 853 1920; x_wconf 90' lang='lat'><strong>.</strong></span> <span class='ocrx_word' id='word_1_99' title='bbox 1011 1906 1025 1925; x_wconf 73' lang='grc'><em>,</em></span> <span class='ocrx_word' id='word_1_100' title='bbox 1131 1909 1144 1922; x_wconf 93' lang='grc'><strong>.</strong></span> <span class='ocrx_word' id='word_1_101' title='bbox 1599 1909 1612 1922; x_wconf 93' lang='grc'><strong>.</strong></span> 
     </span>
     <span class='ocr_line' id='line_1_16' title="bbox 135 1905 2018 2084; baseline -0.001 -17"><span class='ocrx_word' id='word_1_102' title='bbox 135 1967 415 2070; x_wconf 48' lang='lat' dir='ltr'>m*</span> <span class='ocrx_word' id='word_1_103' title='bbox 457 1905 2018 2084; x_wconf 53' lang='lat' dir='ltr'>s:fflzffltssffifflssazsffffl</span> 
     </span>
     <span class='ocr_line' id='line_1_17' title="bbox 454 2092 2016 2179; baseline 0.003 -25"><span class='ocrx_word' id='word_1_104' title='bbox 454 2102 517 2155; x_wconf 85' lang='lat' dir='ltr'>et</span> <span class='ocrx_word' id='word_1_105' title='bbox 551 2093 767 2173; x_wconf 74' lang='lat' dir='ltr'>Latina</span> <span class='ocrx_word' id='word_1_106' title='bbox 795 2092 1152 2178; x_wconf 73' lang='lat' dir='ltr'>legebantur</span> <span class='ocrx_word' id='word_1_107' title='bbox 1179 2143 1196 2170; x_wconf 91' lang='lat'><strong><em>‚</em></strong></span> <span class='ocrx_word' id='word_1_108' title='bbox 1227 2106 1295 2159; x_wconf 88' lang='lat' dir='ltr'>ut</span> <span class='ocrx_word' id='word_1_109' title='bbox 1320 2098 1526 2160; x_wconf 87' lang='lat' dir='ltr'>videre</span> <span class='ocrx_word' id='word_1_110' title='bbox 1550 2106 1640 2160; x_wconf 89' lang='lat' dir='ltr'>est</span> <span class='ocrx_word' id='word_1_111' title='bbox 1665 2099 1827 2179; x_wconf 91' lang='lat' dir='ltr'>apud</span> <span class='ocrx_word' id='word_1_112' title='bbox 1851 2099 2016 2159; x_wconf 83' lang='lat' dir='ltr'>Mar-</span> 
     </span>
     <span class='ocr_line' id='line_1_18' title="bbox 453 2187 2017 2264; baseline 0.003 -15"><span class='ocrx_word' id='word_1_113' title='bbox 453 2195 591 2250; x_wconf 82' lang='lat' dir='ltr'>tene</span> <span class='ocrx_word' id='word_1_114' title='bbox 612 2187 744 2250; x_wconf 90' lang='lat' dir='ltr'>loco</span> <span class='ocrx_word' id='word_1_115' title='bbox 765 2188 877 2250; x_wconf 71' lang='lat' dir='ltr'>cit.&#39;</span> <span class='ocrx_word' id='word_1_116' title='bbox 899 2209 1069 2263; x_wconf 83' lang='lat' dir='ltr'>unm.</span> <span class='ocrx_word' id='word_1_117' title='bbox 1098 2196 1158 2251; x_wconf 99' lang='grc'>6.</span> <span class='ocrx_word' id='word_1_118' title='bbox 1198 2199 1259 2253; x_wconf 93' lang='lat' dir='ltr'>et</span> <span class='ocrx_word' id='word_1_119' title='bbox 1278 2192 1463 2254; x_wconf 83' lang='lat' dir='ltr'>etiam</span> <span class='ocrx_word' id='word_1_120' title='bbox 1494 2212 1656 2254; x_wconf 89' lang='lat' dir='ltr'>nunc</span> <span class='ocrx_word' id='word_1_121' title='bbox 1680 2238 1697 2264; x_wconf 93' lang='lat'>,</span> <span class='ocrx_word' id='word_1_122' title='bbox 1745 2193 2017 2254; x_wconf 83' lang='lat' dir='ltr'>Romano</span> 
     </span>
     <span class='ocr_line' id='line_1_19' title="bbox 452 2280 2017 2367; baseline 0.004 -25"><span class='ocrx_word' id='word_1_123' title='bbox 452 2280 1109 2346; x_wconf 76' lang='lat' dir='ltr'>Pontificesolemniter</span> <span class='ocrx_word' id='word_1_124' title='bbox 1136 2285 1480 2349; x_wconf 87' lang='lat' dir='ltr'>celebrante</span> <span class='ocrx_word' id='word_1_125' title='bbox 1507 2332 1524 2359; x_wconf 91' lang='lat'><strong><em>‚</em></strong></span> <span class='ocrx_word' id='word_1_126' title='bbox 1552 2286 1841 2349; x_wconf 86' lang='lat' dir='ltr'>recitatur</span> <span class='ocrx_word' id='word_1_127' title='bbox 1870 2285 2017 2367; x_wconf 88' lang='lat' dir='ltr'>Epi-</span> 
     </span>
     <span class='ocr_line' id='line_1_20' title="bbox 451 2375 2019 2463; baseline 0.004 -26"><span class='ocrx_word' id='word_1_128' title='bbox 451 2375 605 2438; x_wconf 70' lang='lat' dir='ltr'>stola</span> <span class='ocrx_word' id='word_1_129' title='bbox 630 2377 894 2457; x_wconf 85' lang='lat' dir='ltr'>primum</span> <span class='ocrx_word' id='word_1_130' title='bbox 921 2378 1106 2442; x_wconf 87' lang='lat' dir='ltr'>latine</span> <span class='ocrx_word' id='word_1_131' title='bbox 1127 2400 1166 2442; x_wconf 88' lang='lat' dir='ltr'>a</span> <span class='ocrx_word' id='word_1_132' title='bbox 1198 2380 1414 2444; x_wconf 76' lang='lat' dir='ltr'>Latino</span> <span class='ocrx_word' id='word_1_133' title='bbox 1437 2427 1453 2455; x_wconf 93' lang='lat'>‚</span> <span class='ocrx_word' id='word_1_134' title='bbox 1482 2381 1700 2442; x_wconf 89' lang='lat' dir='ltr'>deinde</span> <span class='ocrx_word' id='word_1_135' title='bbox 1730 2400 1941 2463; x_wconf 75' lang='lat' dir='ltr'>graece</span> <span class='ocrx_word' id='word_1_136' title='bbox 1980 2400 2019 2443; x_wconf 89' lang='lat' dir='ltr'>a</span> 
     </span>
     <span class='ocr_line' id='line_1_21' title="bbox 453 2472 2017 2558; baseline 0.003 -25"><span class='ocrx_word' id='word_1_137' title='bbox 453 2472 685 2551; x_wconf 78' lang='lat' dir='ltr'>Graeco</span> <span class='ocrx_word' id='word_1_138' title='bbox 704 2474 1107 2548; x_wconf 72' lang='lat' dir='ltr'>subdiacono,</span> <span class='ocrx_word' id='word_1_139' title='bbox 1123 2484 1183 2538; x_wconf 83' lang='lat' dir='ltr'>et</span> <span class='ocrx_word' id='word_1_140' title='bbox 1205 2477 1604 2558; x_wconf 79' lang='lat' dir='ltr'>Evangelium</span> <span class='ocrx_word' id='word_1_141' title='bbox 1629 2476 1815 2538; x_wconf 88' lang='lat' dir='ltr'>latine</span> <span class='ocrx_word' id='word_1_142' title='bbox 1839 2496 1876 2537; x_wconf 90' lang='lat' dir='ltr'>a</span> <span class='ocrx_word' id='word_1_143' title='bbox 1900 2478 2017 2537; x_wconf 87' lang='lat' dir='ltr'>La-</span> 
     </span>
     <span class='ocr_line' id='line_1_22' title="bbox 453 2567 2010 2653; baseline 0.003 -25"><span class='ocrx_word' id='word_1_144' title='bbox 453 2567 604 2641; x_wconf 78' lang='lat' dir='ltr'>tino,</span> <span class='ocrx_word' id='word_1_145' title='bbox 630 2568 887 2630; x_wconf 79' lang='lat' dir='ltr'>subinde</span> <span class='ocrx_word' id='word_1_146' title='bbox 907 2591 1117 2653; x_wconf 82' lang='lat' dir='ltr'>graece</span> <span class='ocrx_word' id='word_1_147' title='bbox 1130 2573 1405 2634; x_wconf 89' lang='lat' dir='ltr'>aGraeco</span> <span class='ocrx_word' id='word_1_148' title='bbox 1426 2573 1692 2634; x_wconf 86' lang='lat' dir='ltr'>Diacono</span> <span class='ocrx_word' id='word_1_149' title='bbox 1712 2579 2010 2635; x_wconf 87' lang='lat' dir='ltr'>cantatur.</span> 
     </span>
     <span class='ocr_line' id='line_1_23' title="bbox 457 2661 2011 2749; baseline 0.003 -25"><span class='ocrx_word' id='word_1_150' title='bbox 457 2661 614 2725; x_wconf 87' lang='lat' dir='ltr'>Vide</span> <span class='ocrx_word' id='word_1_151' title='bbox 661 2664 1122 2726; x_wconf 84' lang='lat' dir='ltr'>Thomassinum</span> <span class='ocrx_word' id='word_1_152' title='bbox 1157 2675 1300 2728; x_wconf 91' lang='lat' dir='ltr'>tom.</span> <span class='ocrx_word' id='word_1_153' title='bbox 1342 2673 1393 2728; x_wconf 87' lang='lat'>1.</span> <span class='ocrx_word' id='word_1_154' title='bbox 1448 2667 1554 2728; x_wconf 91' lang='lat' dir='ltr'>lib.</span> <span class='ocrx_word' id='word_1_155' title='bbox 1614 2673 1672 2728; x_wconf 91' lang='grc'>2.</span> <span class='ocrx_word' id='word_1_156' title='bbox 1730 2687 1861 2749; x_wconf 89' lang='lat' dir='ltr'>cap.</span> <span class='ocrx_word' id='word_1_157' title='bbox 1912 2672 2011 2730; x_wconf 96' lang='grc'>82.</span> 
     </span>
     <span class='ocr_line' id='line_1_24' title="bbox 457 2759 2018 2834; baseline 0.005 -15"><span class='ocrx_word' id='word_1_158' title='bbox 457 2776 628 2819; x_wconf 83' lang='lat' dir='ltr'>num.</span> <span class='ocrx_word' id='word_1_159' title='bbox 658 2759 839 2822; x_wconf 67' lang='lat' dir='ltr'>aubi</span> <span class='ocrx_word' id='word_1_160' title='bbox 862 2760 1154 2834; x_wconf 77' lang='lat' dir='ltr'>ostendit‚‘</span> <span class='ocrx_word' id='word_1_161' title='bbox 1170 2782 1330 2825; x_wconf 88' lang='lat' dir='ltr'>nono</span> <span class='ocrx_word' id='word_1_162' title='bbox 1352 2763 1589 2825; x_wconf 90' lang='lat' dir='ltr'>saeculo</span> <span class='ocrx_word' id='word_1_163' title='bbox 1615 2764 1677 2824; x_wconf 94' lang='lat' dir='ltr'>in</span> <span class='ocrx_word' id='word_1_164' title='bbox 1702 2764 2018 2827; x_wconf 87' lang='lat' dir='ltr'>solemnio-</span> 
     </span>
     <span class='ocr_line' id='line_1_25' title="bbox 457 2851 2017 2937; baseline 0.005 -25"><span class='ocrx_word' id='word_1_165' title='bbox 457 2851 629 2913; x_wconf 82' lang='lat' dir='ltr'><strong>ribus</strong></span> <span class='ocrx_word' id='word_1_166' title='bbox 653 2852 850 2914; x_wconf 80' lang='lat' dir='ltr'>Missis</span> <span class='ocrx_word' id='word_1_167' title='bbox 887 2853 1216 2934; x_wconf 91' lang='lat' dir='ltr'>Epistolam</span> <span class='ocrx_word' id='word_1_168' title='bbox 1257 2865 1317 2918; x_wconf 90' lang='lat' dir='ltr'>et</span> <span class='ocrx_word' id='word_1_169' title='bbox 1353 2857 1750 2937; x_wconf 80' lang='lat' dir='ltr'>Evangelium</span> <span class='ocrx_word' id='word_1_170' title='bbox 1795 2862 2017 2920; x_wconf 82' lang='lat' dir='ltr'>Romae</span> 
     </span>
     <span class='ocr_line' id='line_1_26' title="bbox 454 2944 2015 3033; baseline 0.005 -26"><span class='ocrx_word' id='word_1_171' title='bbox 454 2944 654 3026; x_wconf 87' lang='lat' dir='ltr'>primo</span> <span class='ocrx_word' id='word_1_172' title='bbox 671 2948 896 3009; x_wconf 78' lang='lat' dir='ltr'>Graece</span> <span class='ocrx_word' id='word_1_173' title='bbox 914 2995 931 3022; x_wconf 92' lang='lat'>,</span> <span class='ocrx_word' id='word_1_174' title='bbox 957 2949 1177 3012; x_wconf 86' lang='lat' dir='ltr'>deinde</span> <span class='ocrx_word' id='word_1_175' title='bbox 1202 2950 1472 3025; x_wconf 82' lang='lat' dir='ltr'>Latinae,</span> <span class='ocrx_word' id='word_1_176' title='bbox 1500 2952 2015 3033; x_wconf 76' lang='lat' dir='ltr'>Constantinopoli</span> 
     </span>
     <span class='ocr_line' id='line_1_27' title="bbox 456 3041 2018 3127; baseline 0.006 -28"><span class='ocrx_word' id='word_1_177' title='bbox 456 3058 602 3100; x_wconf 83' lang='lat' dir='ltr'>vero</span> <span class='ocrx_word' id='word_1_178' title='bbox 622 3098 626 3111; x_wconf 79' lang='lat'>‚</span> <span class='ocrx_word' id='word_1_179' title='bbox 636 3041 834 3121; x_wconf 89' lang='lat' dir='ltr'>primo</span> <span class='ocrx_word' id='word_1_180' title='bbox 858 3042 1091 3116; x_wconf 87' lang='lat' dir='ltr'>Latine,</span> <span class='ocrx_word' id='word_1_181' title='bbox 1122 3043 1340 3105; x_wconf 90' lang='lat' dir='ltr'>deinde</span> <span class='ocrx_word' id='word_1_182' title='bbox 1371 3046 1596 3107; x_wconf 88' lang='lat' dir='ltr'>Graece</span> <span class='ocrx_word' id='word_1_183' title='bbox 1621 3046 1735 3127; x_wconf 81' lang='lat' dir='ltr'>legi</span> <span class='ocrx_word' id='word_1_184' title='bbox 1761 3065 2018 3109; x_wconf 81' lang='lat' dir='ltr'>,consue-</span> 
     </span>
     <span class='ocr_line' id='line_1_28' title="bbox 455 3131 2007 3221; baseline 0.005 -27"><span class='ocrx_word' id='word_1_185' title='bbox 455 3131 632 3206; x_wconf 81' lang='lat' dir='ltr'>visse,</span> <span class='ocrx_word' id='word_1_186' title='bbox 649 3142 717 3196; x_wconf 88' lang='lat' dir='ltr'>ut</span> <span class='ocrx_word' id='word_1_187' title='bbox 737 3135 1052 3216; x_wconf 88' lang='lat' dir='ltr'>utriusque</span> <span class='ocrx_word' id='word_1_188' title='bbox 1067 3137 1365 3206; x_wconf 74' lang='lat' dir='ltr'>Ecclesiae</span> <span class='ocrx_word' id='word_1_189' title='bbox 1380 3139 1586 3210; x_wconf 85' lang='lat' dir='ltr'>unitas</span> <span class='ocrx_word' id='word_1_190' title='bbox 1600 3139 1797 3221; x_wconf 88' lang='lat' dir='ltr'>palam</span> <span class='ocrx_word' id='word_1_191' title='bbox 1818 3139 2007 3203; x_wconf 84' lang='lat' dir='ltr'>fieret.</span> 
     </span>
     <span class='ocr_line' id='line_1_29' title="bbox 582 3231 2014 3310; baseline 0.007 -23"><span class='ocrx_word' id='word_1_192' title='bbox 582 3233 677 3288; x_wconf 89' lang='grc'>12.</span> <span class='ocrx_word' id='word_1_193' title='bbox 706 3231 821 3292; x_wconf 86' lang='lat' dir='ltr'>Sed</span> <span class='ocrx_word' id='word_1_194' title='bbox 844 3231 923 3293; x_wconf 89' lang='lat' dir='ltr'>ad</span> <span class='ocrx_word' id='word_1_195' title='bbox 944 3233 1161 3296; x_wconf 83' lang='lat' dir='ltr'>Missae</span> <span class='ocrx_word' id='word_1_196' title='bbox 1194 3234 1577 3297; x_wconf 76' lang='lat' dir='ltr'>sclavonicae</span> <span class='ocrx_word' id='word_1_197' title='bbox 1609 3256 1785 3296; x_wconf 90' lang='lat' dir='ltr'>usum</span> <span class='ocrx_word' id='word_1_198' title='bbox 1809 3283 1825 3310; x_wconf 86' lang='lat'><em>,</em></span> <span class='ocrx_word' id='word_1_199' title='bbox 1852 3236 2014 3298; x_wconf 91' lang='lat' dir='ltr'>unde</span> 
     </span>
     <span class='ocr_line' id='line_1_30' title="bbox 458 3326 2012 3405; baseline 0.008 -24"><span class='ocrx_word' id='word_1_200' title='bbox 458 3339 668 3384; x_wconf 86' lang='lat' dir='ltr'>sumus</span> <span class='ocrx_word' id='word_1_201' title='bbox 700 3326 949 3405; x_wconf 73' lang='lat' dir='ltr'>digressi</span> <span class='ocrx_word' id='word_1_202' title='bbox 978 3374 994 3400; x_wconf 94' lang='lat'>,</span> <span class='ocrx_word' id='word_1_203' title='bbox 1020 3338 1090 3390; x_wconf 89' lang='lat' dir='ltr'>ut</span> <span class='ocrx_word' id='word_1_204' title='bbox 1113 3338 1487 3392; x_wconf 84' lang='lat' dir='ltr'>revertamur</span> <span class='ocrx_word' id='word_1_205' title='bbox 1511 3376 1529 3405; x_wconf 88' lang='lat'>‚</span> <span class='ocrx_word' id='word_1_206' title='bbox 1567 3331 2012 3393; x_wconf 88' lang='lat' dir='ltr'>incommodum</span> 
     </span>
     <span class='ocr_line' id='line_1_31' title="bbox 454 3416 2013 3508; baseline 0.006 -30"><span class='ocrx_word' id='word_1_207' title='bbox 454 3416 702 3498; x_wconf 84' lang='lat' dir='ltr'>aliquod</span> <span class='ocrx_word' id='word_1_208' title='bbox 732 3420 873 3482; x_wconf 87' lang='lat' dir='ltr'>inde</span> <span class='ocrx_word' id='word_1_209' title='bbox 892 3432 1093 3485; x_wconf 85' lang='lat' dir='ltr'>ortum</span> <span class='ocrx_word' id='word_1_210' title='bbox 1115 3444 1241 3486; x_wconf 87' lang='lat' dir='ltr'>esse</span> <span class='ocrx_word' id='word_1_211' title='bbox 1263 3425 1503 3487; x_wconf 85' lang='lat' dir='ltr'>videtur</span> <span class='ocrx_word' id='word_1_212' title='bbox 1529 3447 1546 3498; x_wconf 87' lang='lat'><strong>;</strong></span> <span class='ocrx_word' id='word_1_213' title='bbox 1582 3447 1721 3489; x_wconf 90' lang='lat' dir='ltr'>nam</span> <span class='ocrx_word' id='word_1_214' title='bbox 1757 3427 2013 3508; x_wconf 79' lang='lat' dir='ltr'>Legatus</span> 
     </span>
     <span class='ocr_line' id='line_1_32' title="bbox 457 3512 2011 3602; baseline 0.006 -29"><span class='ocrx_word' id='word_1_215' title='bbox 457 3512 788 3577; x_wconf 81' lang='lat' dir='ltr'>Alexandri</span> <span class='ocrx_word' id='word_1_216' title='bbox 812 3517 1067 3580; x_wconf 83' lang='lat' dir='ltr'>Secundi</span> <span class='ocrx_word' id='word_1_217' title='bbox 1097 3521 1205 3600; x_wconf 89' lang='lat' dir='ltr'>qui</span> <span class='ocrx_word' id='word_1_218' title='bbox 1226 3531 1570 3596; x_wconf 81' lang='lat' dir='ltr'>creatusest</span> <span class='ocrx_word' id='word_1_219' title='bbox 1604 3519 1879 3583; x_wconf 76' lang='lat' dir='ltr'>Pontifex</span> <span class='ocrx_word' id='word_1_220' title='bbox 1902 3541 2011 3602; x_wconf 90' lang='lat' dir='ltr'>an-</span> 
     </span>
     <span class='ocr_line' id='line_1_33' title="bbox 458 3613 2014 3697; baseline 0.007 -29"><span class='ocrx_word' id='word_1_221' title='bbox 458 3627 538 3669; x_wconf 86' lang='lat' dir='ltr'>no</span> <span class='ocrx_word' id='word_1_222' title='bbox 566 3613 739 3671; x_wconf 88' lang='grc'><strong>1061.</strong></span> <span class='ocrx_word' id='word_1_223' title='bbox 777 3613 1054 3678; x_wconf 72' lang='lat' dir='ltr'>Concilio</span> <span class='ocrx_word' id='word_1_224' title='bbox 1097 3615 1525 3697; x_wconf 87' lang='lat' dir='ltr'>Episcoporum</span> <span class='ocrx_word' id='word_1_225' title='bbox 1548 3637 1583 3679; x_wconf 90' lang='lat' dir='ltr'>e</span> <span class='ocrx_word' id='word_1_226' title='bbox 1624 3617 1921 3679; x_wconf 85' lang='lat' dir='ltr'>Dalmatia</span> <span class='ocrx_word' id='word_1_227' title='bbox 1954 3625 2014 3679; x_wconf 89' lang='lat' dir='ltr'>et</span> 
     </span>
     <span class='ocr_line' id='line_1_34' title="bbox 457 3701 2013 3793; baseline 0.007 -31"><span class='ocrx_word' id='word_1_228' title='bbox 457 3701 928 3787; x_wconf 62' lang='lat' dir='ltr'>Croatiashabito</span> <span class='ocrx_word' id='word_1_229' title='bbox 951 3710 1163 3772; x_wconf 82' lang='lat' dir='ltr'>statuit</span> <span class='ocrx_word' id='word_1_230' title='bbox 1184 3755 1203 3785; x_wconf 88' lang='lat'><em>,</em></span> <span class='ocrx_word' id='word_1_231' title='bbox 1230 3731 1306 3771; x_wconf 91' lang='lat' dir='ltr'>ne</span> <span class='ocrx_word' id='word_1_232' title='bbox 1328 3711 1468 3793; x_wconf 82' lang='lat' dir='ltr'>quis</span> <span class='ocrx_word' id='word_1_233' title='bbox 1488 3712 1765 3793; x_wconf 85' lang='lat' dir='ltr'>deinceps</span> <span class='ocrx_word' id='word_1_234' title='bbox 1788 3711 1902 3772; x_wconf 88' lang='lat' dir='ltr'>nisi</span> <span class='ocrx_word' id='word_1_235' title='bbox 1929 3711 2013 3773; x_wconf 90' lang='lat' dir='ltr'>la-</span> 
     </span>
     <span class='ocr_line' id='line_1_35' title="bbox 459 3795 2015 3889; baseline 0.007 -32"><span class='ocrx_word' id='word_1_236' title='bbox 459 3795 585 3859; x_wconf 88' lang='lat' dir='ltr'>tine</span> <span class='ocrx_word' id='word_1_237' title='bbox 616 3809 722 3861; x_wconf 90' lang='lat' dir='ltr'>aut</span> <span class='ocrx_word' id='word_1_238' title='bbox 744 3822 954 3882; x_wconf 79' lang='lat' dir='ltr'>graece</span> <span class='ocrx_word' id='word_1_239' title='bbox 976 3850 993 3876; x_wconf 93' lang='lat'>,</span> <span class='ocrx_word' id='word_1_240' title='bbox 1032 3804 1204 3884; x_wconf 89' lang='lat' dir='ltr'>pulsa</span> <span class='ocrx_word' id='word_1_241' title='bbox 1229 3805 1577 3874; x_wconf 86' lang='lat' dir='ltr'>Sclavonica</span> <span class='ocrx_word' id='word_1_242' title='bbox 1604 3807 1896 3889; x_wconf 84' lang='lat' dir='ltr'>Liturgia,</span> <span class='ocrx_word' id='word_1_243' title='bbox 1916 3806 2015 3868; x_wconf 87' lang='lat' dir='ltr'>Di-</span> 
     </span>
     <span class='ocr_line' id='line_1_36' title="bbox 457 3887 2013 3983; baseline 0.007 -30"><span class='ocrx_word' id='word_1_244' title='bbox 457 3891 601 3955; x_wconf 79' lang='lat' dir='ltr'>vina</span> <span class='ocrx_word' id='word_1_245' title='bbox 624 3887 910 3978; x_wconf 78' lang='lat' dir='ltr'>mysteria</span> <span class='ocrx_word' id='word_1_246' title='bbox 941 3898 1247 3963; x_wconf 88' lang='lat' dir='ltr'>celebrare</span> <span class='ocrx_word' id='word_1_247' title='bbox 1268 3902 1555 3976; x_wconf 79' lang='lat' dir='ltr'>auderet,</span> <span class='ocrx_word' id='word_1_248' title='bbox 1585 3911 1654 3963; x_wconf 95' lang='lat' dir='ltr'>ut</span> <span class='ocrx_word' id='word_1_249' title='bbox 1682 3911 1817 3983; x_wconf 89' lang='lat' dir='ltr'>post</span> <span class='ocrx_word' id='word_1_250' title='bbox 1857 3902 2013 3964; x_wconf 90' lang='lat' dir='ltr'>Tho-</span> 
     </span>
     <span class='ocr_line' id='line_1_37' title="bbox 458 3991 2011 4079; baseline 0.007 -31"><span class='ocrx_word' id='word_1_251' title='bbox 458 4004 620 4049; x_wconf 85' lang='lat' dir='ltr'>mam</span> <span class='ocrx_word' id='word_1_252' title='bbox 639 3991 1146 4057; x_wconf 82' lang='lat' dir='ltr'>Archidiaconum</span> <span class='ocrx_word' id='word_1_253' title='bbox 1160 3996 1564 4077; x_wconf 76' lang='lat' dir='ltr'>spalatensem</span> <span class='ocrx_word' id='word_1_254' title='bbox 1583 3995 1782 4059; x_wconf 82' lang='lat' dir='ltr'>monet</span> <span class='ocrx_word' id='word_1_255' title='bbox 1793 3997 2011 4079; x_wconf 79' lang='lat' dir='ltr'>Pagius</span> 
     </span>
     <span class='ocr_line' id='line_1_38' title="bbox 453 4076 2005 4172; baseline 0.006 -31"><span class='ocrx_word' id='word_1_256' title='bbox 453 4079 521 4141; x_wconf 88' lang='lat' dir='ltr'>in</span> <span class='ocrx_word' id='word_1_257' title='bbox 542 4082 667 4146; x_wconf 86' lang='lat' dir='ltr'>vita</span> <span class='ocrx_word' id='word_1_258' title='bbox 691 4085 986 4148; x_wconf 83' lang='lat' dir='ltr'>Hadriani</span> <span class='ocrx_word' id='word_1_259' title='bbox 1014 4079 1094 4151; x_wconf 84' lang='lat'>11.</span> <span class='ocrx_word' id='word_1_260' title='bbox 1115 4109 1283 4150; x_wconf 90' lang='lat' dir='ltr'>num.</span> <span class='ocrx_word' id='word_1_261' title='bbox 1313 4094 1410 4151; x_wconf 95' lang='grc'>54.</span> <span class='ocrx_word' id='word_1_262' title='bbox 1435 4099 1495 4152; x_wconf 88' lang='lat' dir='ltr'>et</span> <span class='ocrx_word' id='word_1_263' title='bbox 1519 4076 1844 4172; x_wconf 75' lang='lat' dir='ltr'>Gregorius</span> <span class='ocrx_word' id='word_1_264' title='bbox 1866 4091 2005 4153; x_wconf 87' lang='lat' dir='ltr'>vn.</span> 
     </span>
     <span class='ocr_line' id='line_1_39' title="bbox 455 4181 2013 4272; baseline 0.005 -34"><span class='ocrx_word' id='word_1_265' title='bbox 455 4196 621 4240; x_wconf 81' lang='lat' dir='ltr'>anno</span> <span class='ocrx_word' id='word_1_266' title='bbox 652 4185 823 4242; x_wconf 86' lang='grc'><strong>1080.</strong></span> <span class='ocrx_word' id='word_1_267' title='bbox 854 4181 1027 4270; x_wconf 74' lang='lat' dir='ltr'>epist.</span> <span class='ocrx_word' id='word_1_268' title='bbox 1065 4187 1157 4243; x_wconf 88' lang='grc'>11.</span> <span class='ocrx_word' id='word_1_269' title='bbox 1194 4183 1301 4272; x_wconf 75' lang='lat' dir='ltr'>lib.</span> <span class='ocrx_word' id='word_1_270' title='bbox 1333 4185 1391 4246; x_wconf 88' lang='grc'>6.</span> <span class='ocrx_word' id='word_1_271' title='bbox 1426 4184 1798 4250; x_wconf 80' lang='lat' dir='ltr'>Uladislaum</span> <span class='ocrx_word' id='word_1_272' title='bbox 1824 4184 2013 4246; x_wconf 65' lang='lat' dir='ltr'>Bohe</span> 
     </span>
     <span class='ocr_line' id='line_1_40' title="bbox 453 4273 2011 4360; baseline 0.003 -26"><span class='ocrx_word' id='word_1_273' title='bbox 453 4273 614 4336; x_wconf 87' lang='lat' dir='ltr'>miae</span> <span class='ocrx_word' id='word_1_274' title='bbox 637 4276 857 4357; x_wconf 75' lang='lat' dir='ltr'>Regem</span> <span class='ocrx_word' id='word_1_275' title='bbox 883 4278 1294 4358; x_wconf 81' lang='lat' dir='ltr'>reprehendit,</span> <span class='ocrx_word' id='word_1_276' title='bbox 1317 4280 1480 4360; x_wconf 90' lang='lat' dir='ltr'>quod</span> <span class='ocrx_word' id='word_1_277' title='bbox 1505 4299 1640 4341; x_wconf 90' lang='lat' dir='ltr'>cum</span> <span class='ocrx_word' id='word_1_278' title='bbox 1664 4299 2011 4342; x_wconf 89' lang='lat' dir='ltr'>excommu-</span> 
     </span>
     <span class='ocr_line' id='line_1_41' title="bbox 453 4367 2005 4455; baseline 0.005 -27"><span class='ocrx_word' id='word_1_279' title='bbox 453 4367 669 4432; x_wconf 80' lang='lat' dir='ltr'>nicatis</span> <span class='ocrx_word' id='word_1_280' title='bbox 687 4372 1150 4434; x_wconf 84' lang='lat' dir='ltr'>communicaret</span> <span class='ocrx_word' id='word_1_281' title='bbox 1171 4419 1187 4447; x_wconf 93' lang='lat'>‚</span> <span class='ocrx_word' id='word_1_282' title='bbox 1218 4394 1328 4444; x_wconf 87' lang='lat' dir='ltr'>nec</span> <span class='ocrx_word' id='word_1_283' title='bbox 1340 4374 1440 4436; x_wconf 88' lang='lat' dir='ltr'>‘illi</span> <span class='ocrx_word' id='word_1_284' title='bbox 1465 4376 1597 4437; x_wconf 85' lang='lat' dir='ltr'>vult</span> <span class='ocrx_word' id='word_1_285' title='bbox 1624 4375 1968 4455; x_wconf 76' lang='lat' dir='ltr'>permittere</span> <span class='ocrx_word' id='word_1_286' title='bbox 1988 4420 2005 4447; x_wconf 88' lang='lat'><strong>,</strong></span> 
     </span>
     <span class='ocr_line' id='line_1_42' title="bbox 452 4453 2009 4552; baseline 0.004 -29"><span class='ocrx_word' id='word_1_287' title='bbox 452 4470 521 4524; x_wconf 80' lang='lat' dir='ltr'>ut</span> <span class='ocrx_word' id='word_1_288' title='bbox 545 4464 767 4526; x_wconf 86' lang='lat' dir='ltr'>Divina</span> <span class='ocrx_word' id='word_1_289' title='bbox 787 4466 1003 4529; x_wconf 83' lang='lat' dir='ltr'>Officia</span> <span class='ocrx_word' id='word_1_290' title='bbox 1016 4468 1364 4531; x_wconf 86' lang='lat' dir='ltr'>Sclavonica</span> <span class='ocrx_word' id='word_1_291' title='bbox 1391 4468 1598 4552; x_wconf 80' lang='lat' dir='ltr'>lingua</span> <span class='ocrx_word' id='word_1_292' title='bbox 1607 4453 2009 4543; x_wconf 39' lang='lat' dir='ltr'>celebrentur&amp;</span> 
     </span>
     <span class='ocr_line' id='line_1_43' title="bbox 452 4562 2009 4645; baseline 0.004 -27"><span class='ocrx_word' id='word_1_293' title='bbox 452 4575 638 4637; x_wconf 88' lang='lat' dir='ltr'>quam</span> <span class='ocrx_word' id='word_1_294' title='bbox 684 4568 883 4622; x_wconf 86' lang='lat' dir='ltr'>tamen</span> <span class='ocrx_word' id='word_1_295' title='bbox 928 4562 1271 4625; x_wconf 78' lang='lat' dir='ltr'>facultatem</span> <span class='ocrx_word' id='word_1_296' title='bbox 1317 4564 1611 4645; x_wconf 83' lang='lat' dir='ltr'>Episcopo</span> <span class='ocrx_word' id='word_1_297' title='bbox 1658 4564 1895 4628; x_wconf 86' lang='lat' dir='ltr'>cuidam</span> <span class='ocrx_word' id='word_1_298' title='bbox 1946 4565 2009 4624; x_wconf 84' lang='lat' dir='ltr'>in</span> 
     </span>
     <span class='ocr_line' id='line_1_44' title="bbox 449 4645 2003 4720; baseline 0.005 -8"><span class='ocrx_word' id='word_1_299' title='bbox 449 4650 767 4716; x_wconf 87' lang='lat' dir='ltr'>Sclavonia</span> <span class='ocrx_word' id='word_1_300' title='bbox 792 4645 954 4718; x_wconf 79' lang='lat' dir='ltr'>anno</span> <span class='ocrx_word' id='word_1_301' title='bbox 988 4663 1157 4718; x_wconf 84' lang='grc'><strong>1248.</strong></span> <span class='ocrx_word' id='word_1_302' title='bbox 1185 4658 1470 4720; x_wconf 82' lang='lat' dir='ltr'>concessit</span> <span class='ocrx_word' id='word_1_303' title='bbox 1489 4659 1873 4720; x_wconf 88' lang='lat' dir='ltr'>Innocentius</span> <span class='ocrx_word' id='word_1_304' title='bbox 1897 4657 2003 4720; x_wconf 81' lang='lat' dir='ltr'>IV.</span> 
     </span>
     <span class='ocr_line' id='line_1_45' title="bbox 453 4748 2011 4835; baseline 0.003 -26"><span class='ocrx_word' id='word_1_305' title='bbox 453 4754 524 4810; x_wconf 88' lang='lat' dir='ltr'>ut</span> <span class='ocrx_word' id='word_1_306' title='bbox 544 4748 754 4811; x_wconf 85' lang='lat' dir='ltr'>videre</span> <span class='ocrx_word' id='word_1_307' title='bbox 774 4760 864 4813; x_wconf 87' lang='lat' dir='ltr'>est</span> <span class='ocrx_word' id='word_1_308' title='bbox 893 4751 1053 4832; x_wconf 86' lang='lat' dir='ltr'>apud</span> <span class='ocrx_word' id='word_1_309' title='bbox 1092 4753 1474 4835; x_wconf 81' lang='lat' dir='ltr'>Raynaldum</span> <span class='ocrx_word' id='word_1_310' title='bbox 1504 4753 1584 4814; x_wconf 90' lang='lat' dir='ltr'>ad</span> <span class='ocrx_word' id='word_1_311' title='bbox 1616 4772 1846 4814; x_wconf 89' lang='lat' dir='ltr'>annum</span> <span class='ocrx_word' id='word_1_312' title='bbox 1867 4774 2011 4814; x_wconf 90' lang='lat' dir='ltr'>eun-</span> 
     </span>
     <span class='ocr_line' id='line_1_46' title="bbox 452 4841 914 4907; baseline 0.006 -3"><span class='ocrx_word' id='word_1_313' title='bbox 452 4841 591 4906; x_wconf 87' lang='lat' dir='ltr'>dem</span> <span class='ocrx_word' id='word_1_314' title='bbox 620 4864 789 4907; x_wconf 89' lang='lat' dir='ltr'>num.</span> <span class='ocrx_word' id='word_1_315' title='bbox 818 4850 914 4906; x_wconf 88' lang='grc'>51.</span> 
     </span>
     <span class='ocr_line' id='line_1_47' title="bbox 576 4938 2014 5022; baseline 0.002 -24"><span class='ocrx_word' id='word_1_316' title='bbox 576 4943 671 4999; x_wconf 86' lang='grc'>13.</span> <span class='ocrx_word' id='word_1_317' title='bbox 701 4938 884 5001; x_wconf 90' lang='lat' dir='ltr'>Initio</span> <span class='ocrx_word' id='word_1_318' title='bbox 906 4940 1125 5002; x_wconf 86' lang='lat' dir='ltr'>saeculi</span> <span class='ocrx_word' id='word_1_319' title='bbox 1151 4941 1335 5022; x_wconf 85' lang='lat' dir='ltr'>elapsi</span> <span class='ocrx_word' id='word_1_320' title='bbox 1364 4949 1564 5004; x_wconf 89' lang='lat' dir='ltr'>actum</span> <span class='ocrx_word' id='word_1_321' title='bbox 1594 4947 1684 5002; x_wconf 89' lang='lat' dir='ltr'>est</span> <span class='ocrx_word' id='word_1_322' title='bbox 1714 4940 1790 5002; x_wconf 89' lang='lat' dir='ltr'>de</span> <span class='ocrx_word' id='word_1_323' title='bbox 1814 4940 2014 5003; x_wconf 70' lang='lat' dir='ltr'>facul-</span> 
     </span>
    </p>
   </div>
   <div class='ocr_carea' id='block_1_3' title="bbox 138 3313 391 3425">
    <p class='ocr_par' dir='ltr' id='par_1_3' title="bbox 138 3313 391 3425">
     <span class='ocr_line' id='line_1_48' title="bbox 138 3313 391 3366; baseline 0.012 -13"><span class='ocrx_word' id='word_1_324' title='bbox 138 3313 294 3366; x_wconf 56' lang='lat' dir='ltr'>Laium</span> <span class='ocrx_word' id='word_1_325' title='bbox 305 3327 391 3356; x_wconf 67' lang='lat' dir='ltr'>tou</span> 
     </span>
     <span class='ocr_line' id='line_1_49' title="bbox 140 3370 371 3425; baseline 0.017 -15"><span class='ocrx_word' id='word_1_326' title='bbox 140 3370 371 3425; x_wconf 58' lang='lat' dir='ltr'>proh-hnc</span> 
     </span>
    </p>
   </div>
   <div class='ocr_carea' id='block_1_4' title="bbox 104 3483 419 3767">
    <p class='ocr_par' dir='ltr' id='par_1_4' title="bbox 104 3483 419 3767">
     <span class='ocr_line' id='line_1_50' title="bbox 114 3483 412 3529; baseline 0.007 -4"><span class='ocrx_word' id='word_1_327' title='bbox 114 3483 279 3529; x_wconf 70' lang='lat' dir='ltr'>under</span> <span class='ocrx_word' id='word_1_328' title='bbox 362 3487 412 3527; x_wconf 86' lang='lat' dir='ltr'>n.</span> 
     </span>
     <span class='ocr_line' id='line_1_51' title="bbox 108 3540 418 3595; baseline 0.01 -13"><span class='ocrx_word' id='word_1_329' title='bbox 108 3540 222 3595; x_wconf 64' lang='lat' dir='ltr'>Eju-</span> <span class='ocrx_word' id='word_1_330' title='bbox 292 3556 418 3585; x_wconf 74' lang='lat' dir='ltr'>usum</span> 
     </span>
     <span class='ocr_line' id='line_1_52' title="bbox 106 3599 419 3642; baseline 0.013 -4"><span class='ocrx_word' id='word_1_331' title='bbox 106 3599 419 3642; x_wconf 66' lang='lat' dir='ltr'>not-stema·</span> 
     </span>
     <span class='ocr_line' id='line_1_53' title="bbox 104 3654 415 3700; baseline 0.01 -5"><span class='ocrx_word' id='word_1_332' title='bbox 104 3654 213 3696; x_wconf 73' lang='lat' dir='ltr'>dere</span> <span class='ocrx_word' id='word_1_333' title='bbox 236 3657 288 3700; x_wconf 74' lang='lat' dir='ltr'>S.</span> <span class='ocrx_word' id='word_1_334' title='bbox 305 3660 415 3698; x_wconf 75' lang='lat' dir='ltr'>Gre-</span> 
     </span>
     <span class='ocr_line' id='line_1_54' title="bbox 104 3715 409 3767; baseline -0.003 -15"><span class='ocrx_word' id='word_1_335' title='bbox 104 3715 266 3767; x_wconf 58' lang='lat' dir='ltr'>gurim</span> <span class='ocrx_word' id='word_1_336' title='bbox 314 3715 409 3755; x_wconf 77' lang='lat' dir='ltr'>vn.</span> 
     </span>
    </p>
   </div>
   <div class='ocr_carea' id='block_1_5' title="bbox 94 3827 419 4102">
    <p class='ocr_par' dir='ltr' id='par_1_5' title="bbox 94 3827 419 4102">
     <span class='ocr_line' id='line_1_55' title="bbox 107 3827 416 3880; baseline 0.013 -15"><span class='ocrx_word' id='word_1_337' title='bbox 107 3827 221 3880; x_wconf 62' lang='lat' dir='ltr'>teg·</span> <span class='ocrx_word' id='word_1_338' title='bbox 245 3841 416 3869; x_wconf 64' lang='lat' dir='ltr'>mee·-</span> 
     </span>
     <span class='ocr_line' id='line_1_56' title="bbox 104 3885 415 3926; baseline 0 -1"><span class='ocrx_word' id='word_1_339' title='bbox 104 3885 164 3925; x_wconf 68' lang='lat' dir='ltr'>nit</span> <span class='ocrx_word' id='word_1_340' title='bbox 276 3892 415 3926; x_wconf 71' lang='lat' dir='ltr'>tomen</span> 
     </span>
     <span class='ocr_line' id='line_1_57' title="bbox 94 3940 419 4000; baseline 0.003 -19"><span class='ocrx_word' id='word_1_341' title='bbox 94 3940 283 3982; x_wconf 69' lang='lat' dir='ltr'>cuidam</span> <span class='ocrx_word' id='word_1_342' title='bbox 313 3942 419 4000; x_wconf 71' lang='lat' dir='ltr'>Ept-</span> 
     </span>
     <span class='ocr_line' id='line_1_58' title="bbox 99 3999 415 4055; baseline 0.009 -16"><span class='ocrx_word' id='word_1_343' title='bbox 99 4010 247 4055; x_wconf 71' lang='lat' dir='ltr'>ecopo</span> <span class='ocrx_word' id='word_1_344' title='bbox 284 3999 415 4042; x_wconf 77' lang='lat' dir='ltr'>lano-</span> 
     </span>
     <span class='ocr_line' id='line_1_59' title="bbox 101 4055 407 4102; baseline 0.01 -6"><span class='ocrx_word' id='word_1_345' title='bbox 101 4055 285 4098; x_wconf 69' lang='grc' dir='ltr'>αιιίιο</span> <span class='ocrx_word' id='word_1_346' title='bbox 327 4057 407 4102; x_wconf 73' lang='lat' dir='ltr'>lv.</span> 
     </span>
    </p>
   </div>
   <div class='ocr_carea' id='block_1_6' title="bbox 97 5004 2011 5107">
    <p class='ocr_par' dir='ltr' id='par_1_6' title="bbox 97 5004 2011 5107">
     <span class='ocr_line' id='line_1_60' title="bbox 97 5004 2011 5107; baseline 0.001 -12"><span class='ocrx_word' id='word_1_347' title='bbox 97 5004 277 5103; x_wconf 46' lang='grc' dir='ltr'>,ἵζω</span> <span class='ocrx_word' id='word_1_348' title='bbox 324 5007 414 5107; x_wconf 59' lang='lat'>¹:21⁶,</span> <span class='ocrx_word' id='word_1_349' title='bbox 455 5038 575 5093; x_wconf 86' lang='lat' dir='ltr'>tate</span> <span class='ocrx_word' id='word_1_350' title='bbox 596 5033 939 5096; x_wconf 89' lang='lat' dir='ltr'>celebrandi</span> <span class='ocrx_word' id='word_1_351' title='bbox 967 5034 1189 5099; x_wconf 87' lang='lat' dir='ltr'>Divina</span> <span class='ocrx_word' id='word_1_352' title='bbox 1209 5036 1418 5098; x_wconf 82' lang='lat' dir='ltr'>Officia</span> <span class='ocrx_word' id='word_1_353' title='bbox 1445 5023 1770 5104; x_wconf 77' lang='lat' dir='ltr'>vernaculo</span> <span class='ocrx_word' id='word_1_354' title='bbox 1792 5055 2011 5102; x_wconf 87' lang='lat' dir='ltr'>sermo-</span> 
     </span>
    </p>
   </div>
   <div class='ocr_carea' id='block_1_7' title="bbox 96 5113 2010 5214">
    <p class='ocr_par' dir='ltr' id='par_1_7' title="bbox 96 5113 2010 5214">
     <span class='ocr_line' id='line_1_61' title="bbox 96 5113 2010 5214; baseline 0.011 -31"><span class='ocrx_word' id='word_1_355' title='bbox 96 5117 252 5214; x_wconf 65' lang='lat'>¹:⁸⁰¹⁰</span> <span class='ocrx_word' id='word_1_356' title='bbox 283 5122 348 5187; x_wconf 68' lang='lat' dir='ltr'>V:</span> <span class='ocrx_word' id='word_1_357' title='bbox 371 5131 410 5166; x_wconf 77' lang='lat'>‘⁸</span> <span class='ocrx_word' id='word_1_358' title='bbox 452 5143 531 5185; x_wconf 90' lang='lat' dir='ltr'>ne</span> <span class='ocrx_word' id='word_1_359' title='bbox 556 5122 627 5185; x_wconf 79' lang='lat' dir='ltr'>‘in</span> <span class='ocrx_word' id='word_1_360' title='bbox 663 5126 945 5190; x_wconf 89' lang='lat' dir='ltr'>Sinarum</span> <span class='ocrx_word' id='word_1_361' title='bbox 989 5130 1269 5209; x_wconf 87' lang='lat' dir='ltr'>Imperio.</span> <span class='ocrx_word' id='word_1_362' title='bbox 1318 5131 1470 5191; x_wconf 90' lang='lat' dir='ltr'>Eam</span> <span class='ocrx_word' id='word_1_363' title='bbox 1505 5113 1885 5210; x_wconf 46' lang='lat' dir='ltr'>postillarum</span> <span class='ocrx_word' id='word_1_364' title='bbox 1919 5128 2010 5190; x_wconf 60' lang='grc' dir='ltr'>ΓΒ·</span> 
     </span>
    </p>
   </div>
   <div class='ocr_carea' id='block_1_8' title="bbox 152 5185 333 5218">
    <p class='ocr_par' dir='ltr' id='par_1_8' title="bbox 152 5185 333 5218">
     <span class='ocr_line' id='line_1_62' title="bbox 152 5185 333 5218; baseline 0.011 -2"><span class='ocrx_word' id='word_1_365' title='bbox 152 5185 333 5218; x_wconf 58' lang='lat' dir='ltr'>mmmmm</span> 
     </span>
    </p>
   </div>
   <div class='ocr_carea' id='block_1_9' title="bbox 100 5193 2002 5304">
    <p class='ocr_par' dir='ltr' id='par_1_9' title="bbox 100 5193 2002 5304">
     <span class='ocr_line' id='line_1_63' title="bbox 100 5193 2002 5304; baseline 0.005 -28"><span class='ocrx_word' id='word_1_366' title='bbox 100 5232 255 5276; x_wconf 63' lang='grc' dir='ltr'>ιω.</span> <span class='ocrx_word' id='word_1_367' title='bbox 269 5193 411 5278; x_wconf 52' lang='grc' dir='ltr'>ιῆιῖιοιω</span> <span class='ocrx_word' id='word_1_368' title='bbox 452 5218 733 5281; x_wconf 89' lang='lat' dir='ltr'>cultatem</span> <span class='ocrx_word' id='word_1_369' title='bbox 748 5222 1114 5296; x_wconf 84' lang='lat' dir='ltr'>Missiona&#39;rii</span> <span class='ocrx_word' id='word_1_370' title='bbox 1138 5244 1172 5285; x_wconf 87' lang='lat' dir='ltr'>e</span> <span class='ocrx_word' id='word_1_371' title='bbox 1192 5224 1650 5304; x_wconf 74' lang='lat' dir='ltr'>Societatelesu.</span> <span class='ocrx_word' id='word_1_372' title='bbox 1676 5224 1899 5286; x_wconf 87' lang='lat' dir='ltr'>Paulus</span> <span class='ocrx_word' id='word_1_373' title='bbox 1926 5225 2002 5298; x_wconf 64' lang='grc' dir='ltr'>Υ.</span> 
     </span>
    </p>
   </div>
   <div class='ocr_carea' id='block_1_10' title="bbox 97 5292 2011 5392">
    <p class='ocr_par' dir='ltr' id='par_1_10' title="bbox 97 5292 2011 5414">
     <span class='ocr_line' id='line_1_64' title="bbox 97 5292 2011 5392; baseline 0.003 -18"><span class='ocrx_word' id='word_1_374' title='bbox 97 5292 411 5392; x_wconf 53' lang='grc' dir='ltr'>εἷξοῇῗζζξῇζ·</span> <span class='ocrx_word' id='word_1_375' title='bbox 454 5307 732 5375; x_wconf 78' lang='lat' dir='ltr'>Pontifex</span> <span class='ocrx_word' id='word_1_376' title='bbox 780 5315 878 5378; x_wconf 86' lang='lat' dir='ltr'>die</span> <span class='ocrx_word' id='word_1_377' title='bbox 923 5321 1021 5378; x_wconf 87' lang='grc'>25.</span> <span class='ocrx_word' id='word_1_378' title='bbox 1059 5318 1331 5378; x_wconf 77' lang='lat' dir='ltr'>lanuarii</span> <span class='ocrx_word' id='word_1_379' title='bbox 1381 5322 1553 5378; x_wconf 90' lang='grc'><strong>1615.</strong></span> <span class='ocrx_word' id='word_1_380' title='bbox 1593 5317 1896 5390; x_wconf 86' lang='lat' dir='ltr'>decrevit,</span> <span class='ocrx_word' id='word_1_381' title='bbox 1943 5325 2011 5380; x_wconf 87' lang='lat' dir='ltr'>ut</span> 
     </span>
    </p>
   </div>
   <div class='ocr_carea' id='block_1_11' title="bbox 104 5399 2010 5587">
    <p class='ocr_par' dir='ltr' id='par_1_11' title="bbox 104 5399 2010 5587">
     <span class='ocr_line' id='line_1_65' title="bbox 104 5399 2010 5520; baseline 0.002 -52"><span class='ocrx_word' id='word_1_382' title='bbox 104 5406 418 5520; x_wconf 47' lang='lat' dir='ltr'>ww</span> <span class='ocrx_word' id='word_1_383' title='bbox 450 5407 619 5486; x_wconf 86' lang='lat' dir='ltr'>apud</span> <span class='ocrx_word' id='word_1_384' title='bbox 634 5408 818 5471; x_wconf 81' lang='lat' dir='ltr'>&#39;Sinas</span> <span class='ocrx_word' id='word_1_385' title='bbox 844 5410 1089 5472; x_wconf 79' lang='lat' dir='ltr'>Missam</span> <span class='ocrx_word' id='word_1_386' title='bbox 1112 5420 1172 5472; x_wconf 91' lang='lat' dir='ltr'>et</span> <span class='ocrx_word' id='word_1_387' title='bbox 1193 5399 1416 5473; x_wconf 66' lang='lat' dir='ltr'>Div&#39;ina</span> <span class='ocrx_word' id='word_1_388' title='bbox 1441 5411 1652 5474; x_wconf 80' lang='lat' dir='ltr'>Officia</span> <span class='ocrx_word' id='word_1_389' title='bbox 1672 5411 1874 5490; x_wconf 88' lang='lat' dir='ltr'>Sinica</span> <span class='ocrx_word' id='word_1_390' title='bbox 1890 5410 2010 5488; x_wconf 25' lang='lat' dir='ltr'>‘lin-</span> 
     </span>
     <span class='ocr_line' id='line_1_66' title="bbox 451 5501 2007 5587; baseline 0.002 -24"><span class='ocrx_word' id='word_1_391' title='bbox 451 5520 576 5584; x_wconf 74' lang='lat' dir='ltr'>gua</span> <span class='ocrx_word' id='word_1_392' title='bbox 606 5501 900 5568; x_wconf 84' lang='lat' dir='ltr'>celebrari</span> <span class='ocrx_word' id='word_1_393' title='bbox 941 5503 1168 5568; x_wconf 89' lang='lat' dir='ltr'>liceret.</span> <span class='ocrx_word' id='word_1_394' title='bbox 1211 5506 1402 5569; x_wconf 80' lang='lat' dir='ltr'>Breve</span> <span class='ocrx_word' id='word_1_395' title='bbox 1436 5505 1619 5569; x_wconf 85' lang='lat' dir='ltr'>etiam</span> <span class='ocrx_word' id='word_1_396' title='bbox 1659 5504 2007 5587; x_wconf 84' lang='lat' dir='ltr'>expeditum</span> 
     </span>
    </p>
   </div>
   <div class='ocr_carea' id='block_1_12' title="bbox 3425 523 3508 573">
    <p class='ocr_par' dir='ltr' id='par_1_12' title="bbox 3425 523 3508 573">
     <span class='ocr_line' id='line_1_67' title="bbox 3425 523 3508 573; baseline 0 0"><span class='ocrx_word' id='word_1_397' title='bbox 3425 523 3508 573; x_wconf 72' lang='lat'>‘80</span> 
     </span>
    </p>
   </div>
   <div class='ocr_carea' id='block_1_13' title="bbox 2124 666 3687 3033">
    <p class='ocr_par' dir='ltr' id='par_1_13' title="bbox 2124 666 3687 2930">
     <span class='ocr_line' id='line_1_68' title="bbox 2124 666 3684 751; baseline -0.003 -20"><span class='ocrx_word' id='word_1_398' title='bbox 2124 668 2276 742; x_wconf 82' lang='lat' dir='ltr'>ruit,</span> <span class='ocrx_word' id='word_1_399' title='bbox 2300 668 2464 749; x_wconf 91' lang='lat' dir='ltr'>quod</span> <span class='ocrx_word' id='word_1_400' title='bbox 2486 677 2687 733; x_wconf 83' lang='lat' dir='ltr'>tamen</span> <span class='ocrx_word' id='word_1_401' title='bbox 2714 670 3130 745; x_wconf 76' lang='lat' dir='ltr'>Missionariis‚</span> <span class='ocrx_word' id='word_1_402' title='bbox 3154 668 3263 751; x_wconf 89' lang='lat' dir='ltr'>qui</span> <span class='ocrx_word' id='word_1_403' title='bbox 3284 668 3399 730; x_wconf 88' lang='lat' dir='ltr'>hoc</span> <span class='ocrx_word' id='word_1_404' title='bbox 3424 666 3684 749; x_wconf 77' lang='lat' dir='ltr'>postula-</span> 
     </span>
     <span class='ocr_line' id='line_1_69' title="bbox 2126 762 3681 846; baseline -0.001 -20"><span class='ocrx_word' id='word_1_405' title='bbox 2126 773 2344 828; x_wconf 81' lang='lat' dir='ltr'>verant</span> <span class='ocrx_word' id='word_1_406' title='bbox 2365 811 2383 839; x_wconf 91' lang='lat'><strong>,</strong></span> <span class='ocrx_word' id='word_1_407' title='bbox 2414 784 2727 846; x_wconf 89' lang='lat' dir='ltr'>uunquam</span> <span class='ocrx_word' id='word_1_408' title='bbox 2758 766 3043 830; x_wconf 89' lang='lat' dir='ltr'>traditum</span> <span class='ocrx_word' id='word_1_409' title='bbox 3081 775 3189 829; x_wconf 85' lang='lat' dir='ltr'>est.</span> <span class='ocrx_word' id='word_1_410' title='bbox 3229 768 3538 826; x_wconf 86' lang='lat' dir='ltr'>Renovata</span> <span class='ocrx_word' id='word_1_411' title='bbox 3570 762 3681 824; x_wconf 87' lang='lat' dir='ltr'>ite-</span> 
     </span>
     <span class='ocr_line' id='line_1_70' title="bbox 2128 856 3683 944; baseline -0.001 -23"><span class='ocrx_word' id='word_1_412' title='bbox 2128 880 2268 921; x_wconf 90' lang='lat' dir='ltr'>rum</span> <span class='ocrx_word' id='word_1_413' title='bbox 2300 869 2390 925; x_wconf 87' lang='lat' dir='ltr'>est</span> <span class='ocrx_word' id='word_1_414' title='bbox 2412 863 2621 925; x_wconf 85' lang='lat' dir='ltr'>eadem</span> <span class='ocrx_word' id='word_1_415' title='bbox 2645 862 2854 944; x_wconf 88' lang='lat' dir='ltr'>petitio</span> <span class='ocrx_word' id='word_1_416' title='bbox 2872 864 2948 925; x_wconf 88' lang='lat' dir='ltr'>de</span> <span class='ocrx_word' id='word_1_417' title='bbox 2971 863 3152 924; x_wconf 85' lang='lat' dir='ltr'>Missa</span> <span class='ocrx_word' id='word_1_418' title='bbox 3174 860 3458 922; x_wconf 86' lang='lat' dir='ltr'>idiomate</span> <span class='ocrx_word' id='word_1_419' title='bbox 3481 856 3683 919; x_wconf 79' lang='lat' dir='ltr'>Siuico</span> 
     </span>
     <span class='ocr_line' id='line_1_71' title="bbox 2125 954 3686 1039; baseline 0 -23"><span class='ocrx_word' id='word_1_420' title='bbox 2125 956 2484 1020; x_wconf 82' lang='lat' dir='ltr'>celebranda</span> <span class='ocrx_word' id='word_1_421' title='bbox 2507 1004 2524 1032; x_wconf 89' lang='lat'><strong>,</strong></span> <span class='ocrx_word' id='word_1_422' title='bbox 2571 977 2710 1019; x_wconf 91' lang='lat' dir='ltr'>cum</span> <span class='ocrx_word' id='word_1_423' title='bbox 2745 957 3022 1039; x_wconf 87' lang='lat' dir='ltr'>Episcopi</span> <span class='ocrx_word' id='word_1_424' title='bbox 3054 956 3306 1038; x_wconf 87' lang='lat' dir='ltr'>quidam</span> <span class='ocrx_word' id='word_1_425' title='bbox 3338 976 3415 1019; x_wconf 90' lang='lat' dir='ltr'>ex</span> <span class='ocrx_word' id='word_1_426' title='bbox 3457 954 3686 1023; x_wconf 77' lang='lat' dir='ltr'>Gallias</span> 
     </span>
     <span class='ocr_line' id='line_1_72' title="bbox 2126 1049 3687 1133; baseline -0.001 -21"><span class='ocrx_word' id='word_1_427' title='bbox 2126 1051 2204 1112; x_wconf 89' lang='lat' dir='ltr'>ad</span> <span class='ocrx_word' id='word_1_428' title='bbox 2232 1051 2408 1121; x_wconf 80' lang='lat' dir='ltr'>Sinas</span> <span class='ocrx_word' id='word_1_429' title='bbox 2443 1053 2864 1133; x_wconf 85' lang='lat' dir='ltr'>perrexissent.</span> <span class='ocrx_word' id='word_1_430' title='bbox 2897 1054 3044 1128; x_wconf 69' lang='lat' dir='ltr'>Qua,</span> <span class='ocrx_word' id='word_1_431' title='bbox 3081 1053 3157 1114; x_wconf 90' lang='lat' dir='ltr'>de</span> <span class='ocrx_word' id='word_1_432' title='bbox 3183 1071 3249 1113; x_wconf 90' lang='lat' dir='ltr'>re</span> <span class='ocrx_word' id='word_1_433' title='bbox 3292 1049 3687 1133; x_wconf 79' lang='lat' dir='ltr'>Congregatio</span> 
     </span>
     <span class='ocr_line' id='line_1_73' title="bbox 2124 1143 3684 1229; baseline 0 -24"><span class='ocrx_word' id='word_1_434' title='bbox 2124 1143 2335 1208; x_wconf 84' lang='lat' dir='ltr'>habita</span> <span class='ocrx_word' id='word_1_435' title='bbox 2361 1146 2476 1209; x_wconf 82' lang='lat' dir='ltr'>suit</span> <span class='ocrx_word' id='word_1_436' title='bbox 2504 1193 2520 1221; x_wconf 91' lang='lat'><strong><em>‚</em></strong></span> <span class='ocrx_word' id='word_1_437' title='bbox 2563 1167 2687 1227; x_wconf 89' lang='lat' dir='ltr'>quo</span> <span class='ocrx_word' id='word_1_438' title='bbox 2719 1156 2955 1229; x_wconf 87' lang='lat' dir='ltr'>praeter</span> <span class='ocrx_word' id='word_1_439' title='bbox 2986 1148 3187 1209; x_wconf 84' lang='lat' dir='ltr'>doctos</span> <span class='ocrx_word' id='word_1_440' title='bbox 3212 1145 3445 1228; x_wconf 90' lang='lat' dir='ltr'>aliquot</span> <span class='ocrx_word' id='word_1_441' title='bbox 3474 1144 3684 1208; x_wconf 90' lang='lat' dir='ltr'>Cardi-</span> 
     </span>
     <span class='ocr_line' id='line_1_74' title="bbox 2124 1238 3686 1325; baseline 0.001 -26"><span class='ocrx_word' id='word_1_442' title='bbox 2124 1238 2294 1303; x_wconf 88' lang='lat' dir='ltr'>nales</span> <span class='ocrx_word' id='word_1_443' title='bbox 2318 1250 2377 1303; x_wconf 90' lang='lat' dir='ltr'>et</span> <span class='ocrx_word' id='word_1_444' title='bbox 2401 1241 2703 1304; x_wconf 85' lang='lat' dir='ltr'>Praelatos</span> <span class='ocrx_word' id='word_1_445' title='bbox 2725 1289 2742 1317; x_wconf 89' lang='lat'>,</span> <span class='ocrx_word' id='word_1_446' title='bbox 2775 1242 2978 1325; x_wconf 78' lang='lat' dir='ltr'>magni</span> <span class='ocrx_word' id='word_1_447' title='bbox 3003 1240 3267 1303; x_wconf 89' lang='lat' dir='ltr'>nominis</span> <span class='ocrx_word' id='word_1_448' title='bbox 3289 1240 3474 1301; x_wconf 90' lang='lat' dir='ltr'>etiam</span> <span class='ocrx_word' id='word_1_449' title='bbox 3497 1239 3686 1302; x_wconf 88' lang='lat' dir='ltr'>Theo-</span> 
     </span>
     <span class='ocr_line' id='line_1_75' title="bbox 2125 1333 3679 1418; baseline 0.002 -24"><span class='ocrx_word' id='word_1_450' title='bbox 2125 1333 2250 1416; x_wconf 79' lang='lat' dir='ltr'>logi</span> <span class='ocrx_word' id='word_1_451' title='bbox 2287 1346 2733 1411; x_wconf 83' lang='lat' dir='ltr'>convenerunt,</span> <span class='ocrx_word' id='word_1_452' title='bbox 2758 1358 2835 1400; x_wconf 86' lang='lat' dir='ltr'>ex</span> <span class='ocrx_word' id='word_1_453' title='bbox 2868 1357 3130 1418; x_wconf 88' lang='lat' dir='ltr'>quorum</span> <span class='ocrx_word' id='word_1_454' title='bbox 3170 1355 3425 1399; x_wconf 87' lang='lat' dir='ltr'>numero</span> <span class='ocrx_word' id='word_1_455' title='bbox 3455 1335 3573 1397; x_wconf 86' lang='lat' dir='ltr'>fuit</span> <span class='ocrx_word' id='word_1_456' title='bbox 3611 1335 3679 1397; x_wconf 81' lang='lat' dir='ltr'>P.</span> 
     </span>
     <span class='ocr_line' id='line_1_76' title="bbox 2125 1428 3681 1512; baseline 0.003 -23"><span class='ocrx_word' id='word_1_457' title='bbox 2125 1428 2507 1492; x_wconf 84' lang='lat' dir='ltr'>Christianus</span> <span class='ocrx_word' id='word_1_458' title='bbox 2531 1433 2754 1512; x_wconf 78' lang='lat' dir='ltr'>Lupus·</span> <span class='ocrx_word' id='word_1_459' title='bbox 2783 1434 3010 1494; x_wconf 88' lang='lat' dir='ltr'>Eorum</span> <span class='ocrx_word' id='word_1_460' title='bbox 3044 1439 3182 1493; x_wconf 90' lang='lat' dir='ltr'>vota</span> <span class='ocrx_word' id='word_1_461' title='bbox 3205 1431 3542 1494; x_wconf 87' lang='lat' dir='ltr'>Cardinalis</span> <span class='ocrx_word' id='word_1_462' title='bbox 3574 1431 3681 1493; x_wconf 78' lang='lat' dir='ltr'>Al-</span> 
     </span>
     <span class='ocr_line' id='line_1_77' title="bbox 2127 1525 3683 1607; baseline 0.001 -21"><span class='ocrx_word' id='word_1_463' title='bbox 2127 1525 2315 1586; x_wconf 90' lang='lat' dir='ltr'>bitius</span> <span class='ocrx_word' id='word_1_464' title='bbox 2339 1526 2402 1586; x_wconf 89' lang='lat' dir='ltr'>in</span> <span class='ocrx_word' id='word_1_465' title='bbox 2430 1526 2626 1607; x_wconf 83' lang='lat' dir='ltr'>Opere</span> <span class='ocrx_word' id='word_1_466' title='bbox 2647 1547 2757 1588; x_wconf 91' lang='lat' dir='ltr'>suo</span> <span class='ocrx_word' id='word_1_467' title='bbox 2785 1528 3039 1589; x_wconf 89' lang='lat' dir='ltr'>inseruit</span> <span class='ocrx_word' id='word_1_468' title='bbox 3076 1528 3152 1589; x_wconf 91' lang='lat' dir='ltr'>de</span> <span class='ocrx_word' id='word_1_469' title='bbox 3180 1526 3585 1591; x_wconf 86' lang='lat' dir='ltr'>Inconstantia</span> <span class='ocrx_word' id='word_1_470' title='bbox 3617 1526 3683 1587; x_wconf 84' lang='lat' dir='ltr'>in</span> 
     </span>
     <span class='ocr_line' id='line_1_78' title="bbox 2125 1618 3678 1703; baseline 0.001 -24"><span class='ocrx_word' id='word_1_471' title='bbox 2125 1618 2275 1682; x_wconf 88' lang='lat' dir='ltr'>Fide</span> <span class='ocrx_word' id='word_1_472' title='bbox 2301 1640 2431 1701; x_wconf 88' lang='lat' dir='ltr'>par.</span> <span class='ocrx_word' id='word_1_473' title='bbox 2463 1626 2519 1682; x_wconf 82' lang='grc'>1.</span> <span class='ocrx_word' id='word_1_474' title='bbox 2546 1641 2676 1702; x_wconf 89' lang='lat' dir='ltr'>cap.</span> <span class='ocrx_word' id='word_1_475' title='bbox 2707 1627 2803 1683; x_wconf 88' lang='grc'>34.</span> <span class='ocrx_word' id='word_1_476' title='bbox 2837 1641 2897 1683; x_wconf 89' lang='lat' dir='ltr'>n.</span> <span class='ocrx_word' id='word_1_477' title='bbox 2928 1627 3024 1684; x_wconf 88' lang='grc'>43.</span> <span class='ocrx_word' id='word_1_478' title='bbox 3057 1641 3250 1703; x_wconf 90' lang='lat' dir='ltr'>usque</span> <span class='ocrx_word' id='word_1_479' title='bbox 3272 1621 3348 1683; x_wconf 91' lang='lat' dir='ltr'>ad</span> <span class='ocrx_word' id='word_1_480' title='bbox 3373 1640 3541 1681; x_wconf 89' lang='lat' dir='ltr'>num.</span> <span class='ocrx_word' id='word_1_481' title='bbox 3581 1625 3678 1691; x_wconf 83' lang='grc'>50.</span> 
     </span>
     <span class='ocr_line' id='line_1_79' title="bbox 2128 1713 3685 1800; baseline 0.001 -26"><span class='ocrx_word' id='word_1_482' title='bbox 2128 1713 2205 1774; x_wconf 89' lang='lat' dir='ltr'>In</span> <span class='ocrx_word' id='word_1_483' title='bbox 2229 1735 2302 1777; x_wconf 91' lang='lat' dir='ltr'>ea</span> <span class='ocrx_word' id='word_1_484' title='bbox 2330 1717 2802 1800; x_wconf 78' lang='lat' dir='ltr'>Congregatione</span> <span class='ocrx_word' id='word_1_485' title='bbox 2826 1718 3064 1779; x_wconf 90' lang='lat' dir='ltr'>nullum</span> <span class='ocrx_word' id='word_1_486' title='bbox 3093 1718 3315 1779; x_wconf 78' lang='lat' dir='ltr'>factum</span> <span class='ocrx_word' id='word_1_487' title='bbox 3341 1725 3431 1778; x_wconf 88' lang='lat' dir='ltr'>est</span> <span class='ocrx_word' id='word_1_488' title='bbox 3466 1718 3685 1777; x_wconf 83' lang='lat' dir='ltr'>Decre-</span> 
     </span>
     <span class='ocr_line' id='line_1_80' title="bbox 2127 1809 3686 1877; baseline 0.003 -7"><span class='ocrx_word' id='word_1_489' title='bbox 2127 1817 2278 1871; x_wconf 89' lang='lat' dir='ltr'>tum.</span> <span class='ocrx_word' id='word_1_490' title='bbox 2321 1813 2671 1875; x_wconf 88' lang='lat' dir='ltr'>Innocentio</span> <span class='ocrx_word' id='word_1_491' title='bbox 2703 1815 2816 1875; x_wconf 84' lang='lat' dir='ltr'>Xl.</span> <span class='ocrx_word' id='word_1_492' title='bbox 2851 1834 3018 1877; x_wconf 84' lang='lat' dir='ltr'>anno</span> <span class='ocrx_word' id='word_1_493' title='bbox 3059 1819 3232 1875; x_wconf 88' lang='grc'><strong>1681.</strong></span> <span class='ocrx_word' id='word_1_494' title='bbox 3275 1812 3536 1874; x_wconf 79' lang='lat' dir='ltr'>missum·</span> <span class='ocrx_word' id='word_1_495' title='bbox 3567 1809 3686 1874; x_wconf 85' lang='lat' dir='ltr'>fuit</span> 
     </span>
     <span class='ocr_line' id='line_1_81' title="bbox 2125 1906 3682 1991; baseline 0.001 -25"><span class='ocrx_word' id='word_1_496' title='bbox 2125 1906 2367 1969; x_wconf 69' lang='lat' dir='ltr'>missale</span> <span class='ocrx_word' id='word_1_497' title='bbox 2390 1908 2452 1968; x_wconf 91' lang='lat' dir='ltr'>in</span> <span class='ocrx_word' id='word_1_498' title='bbox 2482 1908 2746 1970; x_wconf 88' lang='lat' dir='ltr'>Sinicam</span> <span class='ocrx_word' id='word_1_499' title='bbox 2781 1909 3050 1991; x_wconf 82' lang='lat' dir='ltr'>linguam</span> <span class='ocrx_word' id='word_1_500' title='bbox 3082 1926 3472 1979; x_wconf 79' lang='lat' dir='ltr'>conversum3</span> <span class='ocrx_word' id='word_1_501' title='bbox 3508 1908 3682 1990; x_wconf 89' lang='lat' dir='ltr'>cujus</span> 
     </span>
     <span class='ocr_line' id='line_1_82' title="bbox 2127 2001 3681 2081; baseline 0.003 -22"><span class='ocrx_word' id='word_1_502' title='bbox 2127 2001 2626 2081; x_wconf 87' lang='lat' dir='ltr'>approbationem</span> <span class='ocrx_word' id='word_1_503' title='bbox 2670 2012 2729 2064; x_wconf 89' lang='lat' dir='ltr'>et</span> <span class='ocrx_word' id='word_1_504' title='bbox 2772 2003 3098 2065; x_wconf 88' lang='lat' dir='ltr'>adhibendi</span> <span class='ocrx_word' id='word_1_505' title='bbox 3143 2002 3488 2064; x_wconf 73' lang='lat' dir='ltr'>facultatem</span> <span class='ocrx_word' id='word_1_506' title='bbox 3528 2009 3599 2062; x_wconf 92' lang='lat' dir='ltr'>ut</span> <span class='ocrx_word' id='word_1_507' title='bbox 3643 2019 3681 2063; x_wconf 81' lang='lat' dir='ltr'>a</span> 
     </span>
     <span class='ocr_line' id='line_1_83' title="bbox 2126 2093 3687 2179; baseline 0.001 -24"><span class='ocrx_word' id='word_1_508' title='bbox 2126 2093 2421 2158; x_wconf 82' lang='lat' dir='ltr'>Pontifice</span> <span class='ocrx_word' id='word_1_509' title='bbox 2444 2096 2824 2179; x_wconf 64' lang='lat' dir='ltr'>obtineretfP.</span> <span class='ocrx_word' id='word_1_510' title='bbox 2851 2097 3166 2178; x_wconf 88' lang='lat' dir='ltr'>Philippus</span> <span class='ocrx_word' id='word_1_511' title='bbox 3196 2094 3519 2176; x_wconf 88' lang='lat' dir='ltr'>Coupletus</span> <span class='ocrx_word' id='word_1_512' title='bbox 3544 2096 3687 2156; x_wconf 89' lang='lat' dir='ltr'>Pro-</span> 
     </span>
     <span class='ocr_line' id='line_1_84' title="bbox 2126 2180 3685 2272; baseline -0.001 -21"><span class='ocrx_word' id='word_1_513' title='bbox 2126 2197 2373 2261; x_wconf 80' lang='lat' dir='ltr'>curator</span> <span class='ocrx_word' id='word_1_514' title='bbox 2411 2190 2725 2253; x_wconf 89' lang='lat' dir='ltr'>Generalis</span> <span class='ocrx_word' id='word_1_515' title='bbox 2754 2180 3109 2254; x_wconf 82' lang='lat' dir='ltr'>Missionum</span> <span class='ocrx_word' id='word_1_516' title='bbox 3145 2191 3307 2272; x_wconf 87' lang='lat' dir='ltr'>apud</span> <span class='ocrx_word' id='word_1_517' title='bbox 3353 2190 3527 2251; x_wconf 85' lang='lat' dir='ltr'>Sinas</span> <span class='ocrx_word' id='word_1_518' title='bbox 3569 2192 3685 2250; x_wconf 86' lang='lat' dir='ltr'>Ro-</span> 
     </span>
     <span class='ocr_line' id='line_1_85' title="bbox 2127 2283 3682 2360; baseline -0.001 -14"><span class='ocrx_word' id='word_1_519' title='bbox 2127 2303 2290 2346; x_wconf 89' lang='lat' dir='ltr'>mam</span> <span class='ocrx_word' id='word_1_520' title='bbox 2317 2305 2382 2347; x_wconf 92' lang='lat' dir='ltr'>se</span> <span class='ocrx_word' id='word_1_521' title='bbox 2413 2286 2707 2360; x_wconf 74' lang='lat' dir='ltr'>contulit3</span> <span class='ocrx_word' id='word_1_522' title='bbox 2739 2283 2933 2348; x_wconf 82' lang='lat' dir='ltr'>sedre</span> <span class='ocrx_word' id='word_1_523' title='bbox 2960 2286 3176 2348; x_wconf 83' lang='lat' dir='ltr'>insecta</span> <span class='ocrx_word' id='word_1_524' title='bbox 3198 2286 3263 2346; x_wconf 92' lang='lat' dir='ltr'>in</span> <span class='ocrx_word' id='word_1_525' title='bbox 3290 2284 3551 2347; x_wconf 88' lang='lat' dir='ltr'>Galliam</span> <span class='ocrx_word' id='word_1_526' title='bbox 3587 2302 3682 2344; x_wconf 89' lang='lat' dir='ltr'>re-</span> 
     </span>
     <span class='ocr_line' id='line_1_86' title="bbox 2128 2370 3682 2464; baseline -0.001 -24"><span class='ocrx_word' id='word_1_527' title='bbox 2128 2399 2339 2441; x_wconf 89' lang='lat' dir='ltr'>versus</span> <span class='ocrx_word' id='word_1_528' title='bbox 2380 2370 2857 2444; x_wconf 85' lang='lat' dir='ltr'>dissertationem</span> <span class='ocrx_word' id='word_1_529' title='bbox 2895 2380 3130 2462; x_wconf 88' lang='lat' dir='ltr'>scripsit</span> <span class='ocrx_word' id='word_1_530' title='bbox 3151 2380 3226 2442; x_wconf 89' lang='lat' dir='ltr'>de</span> <span class='ocrx_word' id='word_1_531' title='bbox 3260 2381 3388 2464; x_wconf 89' lang='lat' dir='ltr'>ejus</span> <span class='ocrx_word' id='word_1_532' title='bbox 3423 2378 3682 2441; x_wconf 82' lang='lat' dir='ltr'>Missalis</span> 
     </span>
     <span class='ocr_line' id='line_1_87' title="bbox 2127 2470 3682 2560; baseline 0 -25"><span class='ocrx_word' id='word_1_533' title='bbox 2127 2475 2393 2537; x_wconf 89' lang='lat' dir='ltr'>utilitate</span> <span class='ocrx_word' id='word_1_534' title='bbox 2417 2473 2508 2560; x_wconf 57' lang='lat' dir='ltr'>,tsi</span> <span class='ocrx_word' id='word_1_535' title='bbox 2533 2496 2606 2538; x_wconf 91' lang='lat' dir='ltr'>eo</span> <span class='ocrx_word' id='word_1_536' title='bbox 2627 2477 2718 2538; x_wconf 89' lang='lat' dir='ltr'>uti</span> <span class='ocrx_word' id='word_1_537' title='bbox 2754 2477 3034 2539; x_wconf 90' lang='lat' dir='ltr'>licuisset.</span> <span class='ocrx_word' id='word_1_538' title='bbox 3083 2470 3230 2558; x_wconf 83' lang='lat' dir='ltr'>Ejus</span> <span class='ocrx_word' id='word_1_539' title='bbox 3250 2473 3682 2536; x_wconf 83' lang='lat' dir='ltr'>dissertationis</span> 
     </span>
     <span class='ocr_line' id='line_1_88' title="bbox 2124 2570 3682 2653; baseline 0 -23"><span class='ocrx_word' id='word_1_540' title='bbox 2124 2570 2479 2651; x_wconf 86' lang='lat' dir='ltr'>praecipuas</span> <span class='ocrx_word' id='word_1_541' title='bbox 2521 2571 2783 2633; x_wconf 77' lang='lat' dir='ltr'>rationes</span> <span class='ocrx_word' id='word_1_542' title='bbox 2826 2580 2888 2633; x_wconf 90' lang='lat' dir='ltr'>et</span> <span class='ocrx_word' id='word_1_543' title='bbox 2927 2572 3120 2652; x_wconf 88' lang='lat' dir='ltr'>capita</span> <span class='ocrx_word' id='word_1_544' title='bbox 3167 2572 3230 2632; x_wconf 90' lang='lat' dir='ltr'>in</span> <span class='ocrx_word' id='word_1_545' title='bbox 3280 2570 3682 2653; x_wconf 83' lang='lat' dir='ltr'>Propylaeum</span> 
     </span>
     <span class='ocr_line' id='line_1_89' title="bbox 2130 2664 3679 2747; baseline -0.001 -21"><span class='ocrx_word' id='word_1_546' title='bbox 2130 2664 2277 2746; x_wconf 71' lang='lat' dir='ltr'>maji</span> <span class='ocrx_word' id='word_1_547' title='bbox 2303 2674 2728 2747; x_wconf 85' lang='lat' dir='ltr'>compegerunt</span> <span class='ocrx_word' id='word_1_548' title='bbox 2758 2667 3216 2729; x_wconf 87' lang='lat' dir='ltr'>Continuatores</span> <span class='ocrx_word' id='word_1_549' title='bbox 3257 2664 3637 2727; x_wconf 81' lang='lat' dir='ltr'>Bollandiani</span> <span class='ocrx_word' id='word_1_550' title='bbox 3662 2710 3679 2738; x_wconf 89' lang='lat'>,</span> 
     </span>
     <span class='ocr_line' id='line_1_90' title="bbox 2129 2757 3685 2841; baseline 0.002 -22"><span class='ocrx_word' id='word_1_551' title='bbox 2129 2757 2193 2820; x_wconf 88' lang='lat' dir='ltr'>in</span> <span class='ocrx_word' id='word_1_552' title='bbox 2217 2778 2290 2820; x_wconf 91' lang='lat' dir='ltr'>eo</span> <span class='ocrx_word' id='word_1_553' title='bbox 2317 2759 2446 2821; x_wconf 85' lang='lat' dir='ltr'>loco</span> <span class='ocrx_word' id='word_1_554' title='bbox 2472 2761 2576 2821; x_wconf 92' lang='lat' dir='ltr'>ubi</span> <span class='ocrx_word' id='word_1_555' title='bbox 2603 2760 2936 2841; x_wconf 85' lang='lat' dir='ltr'>loquuntur</span> <span class='ocrx_word' id='word_1_556' title='bbox 2957 2760 3033 2822; x_wconf 93' lang='lat' dir='ltr'>de</span> <span class='ocrx_word' id='word_1_557' title='bbox 3065 2759 3311 2821; x_wconf 87' lang='lat' dir='ltr'>Nicolao</span> <span class='ocrx_word' id='word_1_558' title='bbox 3335 2759 3383 2821; x_wconf 93' lang='lat'>1.</span> <span class='ocrx_word' id='word_1_559' title='bbox 3427 2758 3685 2822; x_wconf 83' lang='lat' dir='ltr'>Hadria-</span> 
     </span>
     <span class='ocr_line' id='line_1_91' title="bbox 2130 2855 3147 2930; baseline 0.001 -16"><span class='ocrx_word' id='word_1_560' title='bbox 2130 2860 2211 2915; x_wconf 74' lang='lat' dir='ltr'>no</span> <span class='ocrx_word' id='word_1_561' title='bbox 2234 2855 2507 2916; x_wconf 89' lang='lat' dir='ltr'>Secundo</span> <span class='ocrx_word' id='word_1_562' title='bbox 2527 2902 2542 2930; x_wconf 94' lang='lat'>‚</span> <span class='ocrx_word' id='word_1_563' title='bbox 2567 2863 2628 2917; x_wconf 90' lang='lat' dir='ltr'>et</span> <span class='ocrx_word' id='word_1_564' title='bbox 2648 2857 2880 2917; x_wconf 80' lang='lat' dir='ltr'>loanne</span> <span class='ocrx_word' id='word_1_565' title='bbox 2901 2855 3147 2918; x_wconf 87' lang='lat' dir='ltr'>Octavo.</span> 
     </span>
    </p>

    <p class='ocr_par' dir='ltr' id='par_1_14' title="bbox 2250 2946 3678 3033">
     <span class='ocr_line' id='line_1_92' title="bbox 2250 2946 3678 3033; baseline -0.002 -23"><span class='ocrx_word' id='word_1_566' title='bbox 2250 2955 2342 3011; x_wconf 88' lang='grc'><strong>14.</strong></span> <span class='ocrx_word' id='word_1_567' title='bbox 2377 2950 2865 3012; x_wconf 90' lang='lat' dir='ltr'>Concludendum</span> <span class='ocrx_word' id='word_1_568' title='bbox 2901 2951 3086 3033; x_wconf 82' lang='lat' dir='ltr'>igitur</span> <span class='ocrx_word' id='word_1_569' title='bbox 3112 2997 3128 3023; x_wconf 89' lang='lat'>‚</span> <span class='ocrx_word' id='word_1_570' title='bbox 3168 2956 3536 3011; x_wconf 90' lang='lat' dir='ltr'>constantem</span> <span class='ocrx_word' id='word_1_571' title='bbox 3571 2946 3678 3007; x_wconf 85' lang='lat' dir='ltr'>fir-</span> 
     </span>
    </p>
   </div>
   <div class='ocr_carea' id='block_1_14' title="bbox 2125 3044 3769 3224">
    <p class='ocr_par' dir='ltr' id='par_1_15' title="bbox 2125 3044 3769 3224">
     <span class='ocr_line' id='line_1_93' title="bbox 2126 3044 3732 3126; baseline -0.002 -22"><span class='ocrx_word' id='word_1_572' title='bbox 2126 3062 2412 3125; x_wconf 85' lang='lat' dir='ltr'>mamque</span> <span class='ocrx_word' id='word_1_573' title='bbox 2448 3045 2828 3126; x_wconf 88' lang='lat' dir='ltr'>disciplinam</span> <span class='ocrx_word' id='word_1_574' title='bbox 2870 3066 2996 3107; x_wconf 88' lang='lat' dir='ltr'>esse</span> <span class='ocrx_word' id='word_1_575' title='bbox 3020 3092 3035 3120; x_wconf 94' lang='lat'>‚</span> <span class='ocrx_word' id='word_1_576' title='bbox 3076 3066 3152 3107; x_wconf 89' lang='lat' dir='ltr'>ne</span> <span class='ocrx_word' id='word_1_577' title='bbox 3200 3045 3415 3106; x_wconf 83' lang='lat' dir='ltr'>Missae</span> <span class='ocrx_word' id='word_1_578' title='bbox 3455 3044 3679 3104; x_wconf 91' lang='lat' dir='ltr'>idioma</span> <span class='ocrx_word' id='word_1_579' title='bbox 3722 3069 3732 3100; x_wconf 82' lang='grc' dir='ltr'>ι</span> 
     </span>
     <span class='ocr_line' id='line_1_94' title="bbox 2125 3132 3769 3224; baseline 0 -24"><span class='ocrx_word' id='word_1_580' title='bbox 2125 3148 2390 3203; x_wconf 90' lang='lat' dir='ltr'>mutetur</span> <span class='ocrx_word' id='word_1_581' title='bbox 2416 3188 2431 3216; x_wconf 93' lang='lat'>‚</span> <span class='ocrx_word' id='word_1_582' title='bbox 2462 3141 2570 3203; x_wconf 80' lang='lat' dir='ltr'>etsi</span> <span class='ocrx_word' id='word_1_583' title='bbox 2601 3149 2787 3204; x_wconf 88' lang='lat' dir='ltr'>mutet</span> <span class='ocrx_word' id='word_1_584' title='bbox 2818 3141 3023 3224; x_wconf 83' lang='lat' dir='ltr'>lingua</span> <span class='ocrx_word' id='word_1_585' title='bbox 3069 3140 3392 3203; x_wconf 86' lang='lat' dir='ltr'>vernacula</span> <span class='ocrx_word' id='word_1_586' title='bbox 3418 3163 3434 3214; x_wconf 77' lang='grc' dir='ltr'><strong>ς</strong></span> <span class='ocrx_word' id='word_1_587' title='bbox 3465 3139 3568 3201; x_wconf 89' lang='lat' dir='ltr'>sed</span> <span class='ocrx_word' id='word_1_588' title='bbox 3609 3158 3680 3200; x_wconf 89' lang='lat' dir='ltr'>eo</span> <span class='ocrx_word' id='word_1_589' title='bbox 3722 3132 3769 3160; x_wconf 77' lang='lat'>‘²‘</span> 
     </span>
    </p>
   </div>
   <div class='ocr_carea' id='block_1_15' title="bbox 2123 3234 3679 3317">
    <p class='ocr_par' dir='ltr' id='par_1_16' title="bbox 2123 3234 3679 3317">
     <span class='ocr_line' id='line_1_95' title="bbox 2123 3234 3679 3317; baseline -0.001 -22"><span class='ocrx_word' id='word_1_590' title='bbox 2123 3255 2398 3296; x_wconf 87' lang='lat' dir='ltr'>sermone</span> <span class='ocrx_word' id='word_1_591' title='bbox 2426 3236 2605 3299; x_wconf 87' lang='lat' dir='ltr'>Missa</span> <span class='ocrx_word' id='word_1_592' title='bbox 2630 3237 2987 3311; x_wconf 85' lang='lat' dir='ltr'>celebretur,</span> <span class='ocrx_word' id='word_1_593' title='bbox 3023 3257 3146 3317; x_wconf 88' lang='lat' dir='ltr'>quo</span> <span class='ocrx_word' id='word_1_594' title='bbox 3168 3236 3466 3297; x_wconf 82' lang='lat' dir='ltr'>celebrata</span> <span class='ocrx_word' id='word_1_595' title='bbox 3488 3243 3577 3296; x_wconf 89' lang='lat' dir='ltr'>est</span> <span class='ocrx_word' id='word_1_596' title='bbox 3601 3234 3679 3295; x_wconf 91' lang='lat' dir='ltr'>ab</span> 
     </span>
    </p>
   </div>
   <div class='ocr_carea' id='block_1_16' title="bbox 2119 3329 3774 3618">
    <p class='ocr_par' dir='ltr' id='par_1_17' title="bbox 2119 3329 3774 3618">
     <span class='ocr_line' id='line_1_96' title="bbox 2121 3329 3753 3426; baseline -0.002 -35"><span class='ocrx_word' id='word_1_597' title='bbox 2121 3330 2298 3392; x_wconf 91' lang='lat' dir='ltr'>initio</span> <span class='ocrx_word' id='word_1_598' title='bbox 2322 3378 2338 3405; x_wconf 91' lang='lat'><em>‚</em></span> <span class='ocrx_word' id='word_1_599' title='bbox 2381 3331 2612 3393; x_wconf 89' lang='lat' dir='ltr'>etiamsi</span> <span class='ocrx_word' id='word_1_600' title='bbox 2635 3352 2720 3393; x_wconf 81' lang='lat' dir='ltr'>ea</span> <span class='ocrx_word' id='word_1_601' title='bbox 2754 3331 2962 3414; x_wconf 84' lang='lat' dir='ltr'>lingua</span> <span class='ocrx_word' id='word_1_602' title='bbox 2987 3331 3317 3426; x_wconf 78' lang='lat' dir='ltr'>exoleverit</span> <span class='ocrx_word' id='word_1_603' title='bbox 3356 3330 3514 3410; x_wconf 86' lang='lat' dir='ltr'>apud</span> <span class='ocrx_word' id='word_1_604' title='bbox 3543 3329 3680 3390; x_wconf 87' lang='lat' dir='ltr'>vul-</span> <span class='ocrx_word' id='word_1_605' title='bbox 3721 3363 3753 3390; x_wconf 74' lang='grc'>,.</span> 
     </span>
     <span class='ocr_line' id='line_1_97' title="bbox 2119 3420 3774 3510; baseline -0.001 -23"><span class='ocrx_word' id='word_1_606' title='bbox 2119 3425 2231 3508; x_wconf 64' lang='lat' dir='ltr'>giis</span> <span class='ocrx_word' id='word_1_607' title='bbox 2255 3473 2271 3500; x_wconf 86' lang='lat'><em>,</em></span> <span class='ocrx_word' id='word_1_608' title='bbox 2307 3428 2556 3510; x_wconf 83' lang='lat' dir='ltr'>ejusque</span> <span class='ocrx_word' id='word_1_609' title='bbox 2591 3427 2869 3507; x_wconf 88' lang='lat' dir='ltr'>peritiam</span> <span class='ocrx_word' id='word_1_610' title='bbox 2910 3427 3028 3488; x_wconf 90' lang='lat' dir='ltr'>viri</span> <span class='ocrx_word' id='word_1_611' title='bbox 3053 3426 3211 3487; x_wconf 90' lang='lat' dir='ltr'>docti</span> <span class='ocrx_word' id='word_1_612' title='bbox 3246 3425 3542 3487; x_wconf 87' lang='lat' dir='ltr'>duntaxat</span> <span class='ocrx_word' id='word_1_613' title='bbox 3565 3424 3676 3485; x_wconf 87' lang='lat' dir='ltr'>ha-</span> <span class='ocrx_word' id='word_1_614' title='bbox 3736 3420 3774 3504; x_wconf 62' lang='grc' dir='ltr'>ξ</span> 
     </span>
     <span class='ocr_line' id='line_1_98' title="bbox 2122 3517 3769 3618; baseline -0.004 -35"><span class='ocrx_word' id='word_1_615' title='bbox 2122 3521 2325 3583; x_wconf 88' lang='lat' dir='ltr'>beant.</span> <span class='ocrx_word' id='word_1_616' title='bbox 2374 3522 2479 3582; x_wconf 87' lang='lat' dir='ltr'>Est</span> <span class='ocrx_word' id='word_1_617' title='bbox 2516 3530 2717 3582; x_wconf 89' lang='lat' dir='ltr'>autem</span> <span class='ocrx_word' id='word_1_618' title='bbox 2758 3520 3129 3601; x_wconf 82' lang='lat' dir='ltr'>Apostolicae</span> <span class='ocrx_word' id='word_1_619' title='bbox 3158 3520 3326 3580; x_wconf 88' lang='lat' dir='ltr'>Sedis</span> <span class='ocrx_word' id='word_1_620' title='bbox 3352 3520 3413 3579; x_wconf 92' lang='lat' dir='ltr'>in</span> <span class='ocrx_word' id='word_1_621' title='bbox 3455 3517 3677 3580; x_wconf 88' lang='lat' dir='ltr'>recenti</span> <span class='ocrx_word' id='word_1_622' title='bbox 3722 3535 3769 3618; x_wconf 49' lang='lat' dir='ltr'>nt</span> 
     </span>
    </p>
   </div>
   <div class='ocr_carea' id='block_1_17' title="bbox 2118 3612 3687 4922">
    <p class='ocr_par' dir='ltr' id='par_1_18' title="bbox 2118 3612 3687 4922">
     <span class='ocr_line' id='line_1_99' title="bbox 2124 3612 3681 3700; baseline -0.002 -23"><span class='ocrx_word' id='word_1_623' title='bbox 2124 3616 2485 3700; x_wconf 84' lang='lat' dir='ltr'>populorum</span> <span class='ocrx_word' id='word_1_624' title='bbox 2520 3615 2907 3677; x_wconf 86' lang='lat' dir='ltr'>conversione</span> <span class='ocrx_word' id='word_1_625' title='bbox 2945 3616 3020 3677; x_wconf 89' lang='lat' dir='ltr'>ad</span> <span class='ocrx_word' id='word_1_626' title='bbox 3051 3616 3258 3677; x_wconf 88' lang='lat' dir='ltr'>Fidem</span> <span class='ocrx_word' id='word_1_627' title='bbox 3285 3661 3301 3688; x_wconf 95' lang='lat'>,</span> <span class='ocrx_word' id='word_1_628' title='bbox 3343 3633 3453 3695; x_wconf 88' lang='lat' dir='ltr'>pro</span> <span class='ocrx_word' id='word_1_629' title='bbox 3497 3612 3681 3674; x_wconf 83' lang='lat' dir='ltr'>variis</span> 
     </span>
     <span class='ocr_line' id='line_1_100' title="bbox 2122 3708 3684 3790; baseline -0.002 -20"><span class='ocrx_word' id='word_1_630' title='bbox 2122 3709 2587 3771; x_wconf 86' lang='lat' dir='ltr'>circumstantiis</span> <span class='ocrx_word' id='word_1_631' title='bbox 2608 3709 2708 3773; x_wconf 88' lang='lat' dir='ltr'>vel</span> <span class='ocrx_word' id='word_1_632' title='bbox 2727 3709 3072 3790; x_wconf 87' lang='lat' dir='ltr'>permittere</span> <span class='ocrx_word' id='word_1_633' title='bbox 3093 3709 3186 3770; x_wconf 86' lang='lat' dir='ltr'>vel</span> <span class='ocrx_word' id='word_1_634' title='bbox 3204 3708 3528 3790; x_wconf 86' lang='lat' dir='ltr'>prohibere</span> <span class='ocrx_word' id='word_1_635' title='bbox 3553 3726 3684 3768; x_wconf 86' lang='lat' dir='ltr'>ver·</span> 
     </span>
     <span class='ocr_line' id='line_1_101' title="bbox 2121 3785 3685 3888; baseline -0.001 -23"><span class='ocrx_word' id='word_1_636' title='bbox 2121 3804 2373 3866; x_wconf 87' lang='lat' dir='ltr'>naculae</span> <span class='ocrx_word' id='word_1_637' title='bbox 2421 3805 2665 3888; x_wconf 81' lang='lat' dir='ltr'>linguae</span> <span class='ocrx_word' id='word_1_638' title='bbox 2691 3785 2867 3866; x_wconf 71' lang='lat' dir='ltr'>us⁸um</span> <span class='ocrx_word' id='word_1_639' title='bbox 2897 3806 2967 3866; x_wconf 86' lang='lat' dir='ltr'>in</span> <span class='ocrx_word' id='word_1_640' title='bbox 3002 3806 3240 3867; x_wconf 83' lang='lat' dir='ltr'>Divinis</span> <span class='ocrx_word' id='word_1_641' title='bbox 3277 3801 3503 3867; x_wconf 82' lang='lat' dir='ltr'>Officiis</span> <span class='ocrx_word' id='word_1_642' title='bbox 3531 3802 3685 3864; x_wconf 88' lang='lat' dir='ltr'>cele-</span> 
     </span>
     <span class='ocr_line' id='line_1_102' title="bbox 2123 3899 3687 3981; baseline 0.001 -22"><span class='ocrx_word' id='word_1_643' title='bbox 2123 3899 2394 3961; x_wconf 87' lang='lat' dir='ltr'>brandis.</span> <span class='ocrx_word' id='word_1_644' title='bbox 2429 3900 2542 3960; x_wconf 91' lang='lat' dir='ltr'>Sed</span> <span class='ocrx_word' id='word_1_645' title='bbox 2575 3919 2717 3961; x_wconf 88' lang='lat' dir='ltr'>vere</span> <span class='ocrx_word' id='word_1_646' title='bbox 2762 3900 3051 3962; x_wconf 85' lang='lat' dir='ltr'>affirmari</span> <span class='ocrx_word' id='word_1_647' title='bbox 3102 3909 3332 3981; x_wconf 87' lang='lat' dir='ltr'>potest,</span> <span class='ocrx_word' id='word_1_648' title='bbox 3381 3900 3440 3960; x_wconf 89' lang='lat' dir='ltr'>S.</span> <span class='ocrx_word' id='word_1_649' title='bbox 3474 3900 3687 3961; x_wconf 89' lang='lat' dir='ltr'>Sedem</span> 
     </span>
     <span class='ocr_line' id='line_1_103' title="bbox 2119 3994 3682 4076; baseline -0.001 -21"><span class='ocrx_word' id='word_1_650' title='bbox 2119 3994 2570 4076; x_wconf 87' lang='lat' dir='ltr'>propensiorem</span> <span class='ocrx_word' id='word_1_651' title='bbox 2616 4015 2742 4057; x_wconf 86' lang='lat' dir='ltr'>esse</span> <span class='ocrx_word' id='word_1_652' title='bbox 2770 3995 2833 4056; x_wconf 92' lang='lat' dir='ltr'>in</span> <span class='ocrx_word' id='word_1_653' title='bbox 2864 3995 3034 4056; x_wconf 90' lang='lat' dir='ltr'>illam</span> <span class='ocrx_word' id='word_1_654' title='bbox 3059 4004 3291 4076; x_wconf 90' lang='lat' dir='ltr'>partem</span> <span class='ocrx_word' id='word_1_655' title='bbox 3316 4041 3333 4068; x_wconf 92' lang='lat'>,</span> <span class='ocrx_word' id='word_1_656' title='bbox 3371 4000 3437 4054; x_wconf 89' lang='lat' dir='ltr'>ut</span> <span class='ocrx_word' id='word_1_657' title='bbox 3463 4013 3539 4054; x_wconf 88' lang='lat' dir='ltr'>ex</span> <span class='ocrx_word' id='word_1_658' title='bbox 3587 4012 3682 4054; x_wconf 90' lang='lat' dir='ltr'>re-</span> 
     </span>
     <span class='ocr_line' id='line_1_104' title="bbox 2119 4088 3684 4175; baseline -0.003 -24"><span class='ocrx_word' id='word_1_659' title='bbox 2119 4109 2260 4152; x_wconf 91' lang='lat' dir='ltr'>cens</span> <span class='ocrx_word' id='word_1_660' title='bbox 2287 4090 2606 4175; x_wconf 78' lang='lat' dir='ltr'>conversis&#39;</span> <span class='ocrx_word' id='word_1_661' title='bbox 2616 4088 2693 4152; x_wconf 88' lang='lat' dir='ltr'>ad</span> <span class='ocrx_word' id='word_1_662' title='bbox 2724 4090 2935 4152; x_wconf 87' lang='lat' dir='ltr'>Fidem</span> <span class='ocrx_word' id='word_1_663' title='bbox 2957 4137 2973 4165; x_wconf 90' lang='lat'>‚</span> <span class='ocrx_word' id='word_1_664' title='bbox 3003 4090 3303 4151; x_wconf 88' lang='lat' dir='ltr'>habiliorc</span> <span class='ocrx_word' id='word_1_665' title='bbox 3322 4089 3426 4169; x_wconf 89' lang='lat' dir='ltr'>qui</span> <span class='ocrx_word' id='word_1_666' title='bbox 3449 4088 3572 4149; x_wconf 90' lang='lat' dir='ltr'>sint</span> <span class='ocrx_word' id='word_1_667' title='bbox 3594 4088 3684 4158; x_wconf 81' lang='lat' dir='ltr'>in-</span> 
     </span>
     <span class='ocr_line' id='line_1_105' title="bbox 2118 4182 3681 4268; baseline -0.002 -22"><span class='ocrx_word' id='word_1_668' title='bbox 2118 4185 2328 4266; x_wconf 77' lang='lat' dir='ltr'>genio‚‘</span> <span class='ocrx_word' id='word_1_669' title='bbox 2349 4184 2679 4268; x_wconf 77' lang='lat' dir='ltr'>seligantur</span> <span class='ocrx_word' id='word_1_670' title='bbox 2695 4232 2712 4259; x_wconf 88' lang='lat'><strong>,</strong></span> <span class='ocrx_word' id='word_1_671' title='bbox 2745 4194 2805 4247; x_wconf 90' lang='lat' dir='ltr'>et</span> <span class='ocrx_word' id='word_1_672' title='bbox 2828 4185 3059 4247; x_wconf 90' lang='lat' dir='ltr'>Latinis</span> <span class='ocrx_word' id='word_1_673' title='bbox 3085 4184 3282 4264; x_wconf 88' lang='lat' dir='ltr'>potius</span> <span class='ocrx_word' id='word_1_674' title='bbox 3301 4182 3516 4244; x_wconf 87' lang='lat' dir='ltr'>litteris</span> <span class='ocrx_word' id='word_1_675' title='bbox 3539 4202 3681 4243; x_wconf 90' lang='lat' dir='ltr'>eru-</span> 
     </span>
     <span class='ocr_line' id='line_1_106' title="bbox 2118 4276 3681 4361; baseline -0.003 -21"><span class='ocrx_word' id='word_1_676' title='bbox 2118 4280 2391 4353; x_wconf 88' lang='lat' dir='ltr'>diantur,</span> <span class='ocrx_word' id='word_1_677' title='bbox 2422 4299 2605 4361; x_wconf 90' lang='lat' dir='ltr'>quam</span> <span class='ocrx_word' id='word_1_678' title='bbox 2627 4289 2698 4343; x_wconf 92' lang='lat' dir='ltr'>ut</span> <span class='ocrx_word' id='word_1_679' title='bbox 2729 4279 2980 4342; x_wconf 85' lang='lat' dir='ltr'>facultas</span> <span class='ocrx_word' id='word_1_680' title='bbox 3007 4278 3363 4340; x_wconf 90' lang='lat' dir='ltr'>concedatur</span> <span class='ocrx_word' id='word_1_681' title='bbox 3391 4276 3681 4346; x_wconf 84' lang='lat' dir='ltr'>adhiben-</span> 
     </span>
     <span class='ocr_line' id='line_1_107' title="bbox 2119 4370 3679 4458; baseline -0.004 -23"><span class='ocrx_word' id='word_1_682' title='bbox 2119 4374 2180 4435; x_wconf 89' lang='lat' dir='ltr'>di</span> <span class='ocrx_word' id='word_1_683' title='bbox 2204 4375 2283 4436; x_wconf 79' lang='lat' dir='ltr'>,in</span> <span class='ocrx_word' id='word_1_684' title='bbox 2322 4374 2539 4440; x_wconf 86' lang='lat' dir='ltr'>Missae</span> <span class='ocrx_word' id='word_1_685' title='bbox 2576 4375 2977 4458; x_wconf 83' lang='lat' dir='ltr'>celebratione</span> <span class='ocrx_word' id='word_1_686' title='bbox 3020 4374 3330 4455; x_wconf 86' lang='lat' dir='ltr'>vulgarem</span> <span class='ocrx_word' id='word_1_687' title='bbox 3368 4370 3679 4452; x_wconf 76' lang='lat' dir='ltr'>linguam3</span> 
     </span>
     <span class='ocr_line' id='line_1_108' title="bbox 2119 4466 3681 4556; baseline -0.004 -27"><span class='ocrx_word' id='word_1_688' title='bbox 2119 4468 2631 4548; x_wconf 89' lang='lat' dir='ltr'>quemadmodum</span> <span class='ocrx_word' id='word_1_689' title='bbox 2695 4469 2756 4529; x_wconf 88' lang='lat' dir='ltr'>S.</span> <span class='ocrx_word' id='word_1_690' title='bbox 2823 4467 3130 4556; x_wconf 80' lang='lat' dir='ltr'>Othonem</span> <span class='ocrx_word' id='word_1_691' title='bbox 3180 4466 3681 4545; x_wconf 80' lang='lat' dir='ltr'>Bambergensem</span> 
     </span>
     <span class='ocr_line' id='line_1_109' title="bbox 2121 4558 3683 4643; baseline -0.002 -20"><span class='ocrx_word' id='word_1_692' title='bbox 2121 4562 2483 4643; x_wconf 77' lang='lat' dir='ltr'>Episcopum</span> <span class='ocrx_word' id='word_1_693' title='bbox 2508 4609 2524 4637; x_wconf 90' lang='lat'>‚</span> <span class='ocrx_word' id='word_1_694' title='bbox 2564 4562 2955 4625; x_wconf 89' lang='lat' dir='ltr'>Pomeraniae</span> <span class='ocrx_word' id='word_1_695' title='bbox 2981 4560 3334 4641; x_wconf 82' lang='lat' dir='ltr'>Apostolum</span> <span class='ocrx_word' id='word_1_696' title='bbox 3354 4606 3370 4632; x_wconf 90' lang='lat'>‚</span> <span class='ocrx_word' id='word_1_697' title='bbox 3394 4559 3500 4639; x_wconf 89' lang='lat' dir='ltr'>qui</span> <span class='ocrx_word' id='word_1_698' title='bbox 3529 4558 3683 4620; x_wconf 87' lang='lat' dir='ltr'>obiit</span> 
     </span>
     <span class='ocr_line' id='line_1_110' title="bbox 2118 4653 3680 4736; baseline -0.004 -18"><span class='ocrx_word' id='word_1_699' title='bbox 2118 4676 2264 4719; x_wconf 82' lang='lat' dir='ltr'>ann.</span> <span class='ocrx_word' id='word_1_700' title='bbox 2309 4662 2481 4719; x_wconf 84' lang='grc'><strong>1139.</strong></span> <span class='ocrx_word' id='word_1_701' title='bbox 2526 4657 2604 4718; x_wconf 89' lang='lat' dir='ltr'>ad</span> <span class='ocrx_word' id='word_1_702' title='bbox 2643 4677 2744 4718; x_wconf 89' lang='lat' dir='ltr'>eos</span> <span class='ocrx_word' id='word_1_703' title='bbox 2768 4703 2784 4730; x_wconf 95' lang='lat'>,</span> <span class='ocrx_word' id='word_1_704' title='bbox 2815 4675 2968 4736; x_wconf 89' lang='lat' dir='ltr'>quos</span> <span class='ocrx_word' id='word_1_705' title='bbox 3008 4654 3328 4716; x_wconf 86' lang='lat' dir='ltr'>novissime</span> <span class='ocrx_word' id='word_1_706' title='bbox 3354 4655 3432 4716; x_wconf 92' lang='lat' dir='ltr'>ad</span> <span class='ocrx_word' id='word_1_707' title='bbox 3469 4653 3680 4718; x_wconf 83' lang='lat' dir='ltr'>Fidem</span> 
     </span>
     <span class='ocr_line' id='line_1_111' title="bbox 2118 4748 3682 4823; baseline -0.004 -10"><span class='ocrx_word' id='word_1_708' title='bbox 2118 4760 2535 4823; x_wconf 88' lang='lat' dir='ltr'>converterat,</span> <span class='ocrx_word' id='word_1_709' title='bbox 2573 4751 2771 4812; x_wconf 90' lang='lat' dir='ltr'>dicere</span> <span class='ocrx_word' id='word_1_710' title='bbox 2811 4749 3185 4812; x_wconf 88' lang='lat' dir='ltr'>consuevisse</span> <span class='ocrx_word' id='word_1_711' title='bbox 3209 4796 3225 4823; x_wconf 90' lang='lat'>‚</span> <span class='ocrx_word' id='word_1_712' title='bbox 3259 4749 3442 4812; x_wconf 91' lang='lat' dir='ltr'>tradit</span> <span class='ocrx_word' id='word_1_713' title='bbox 3466 4748 3682 4809; x_wconf 90' lang='lat' dir='ltr'>Surius</span> 
     </span>
     <span class='ocr_line' id='line_1_112' title="bbox 2118 4844 3685 4922; baseline -0.005 -11"><span class='ocrx_word' id='word_1_714' title='bbox 2118 4847 2196 4911; x_wconf 77' lang='lat' dir='ltr'>ad</span> <span class='ocrx_word' id='word_1_715' title='bbox 2228 4847 2390 4908; x_wconf 92' lang='lat' dir='ltr'>diem</span> <span class='ocrx_word' id='word_1_716' title='bbox 2411 4852 2468 4907; x_wconf 92' lang='grc'>2.</span> <span class='ocrx_word' id='word_1_717' title='bbox 2502 4845 2648 4906; x_wconf 85' lang='lat' dir='ltr'>Julii</span> <span class='ocrx_word' id='word_1_718' title='bbox 2677 4867 2692 4906; x_wconf 77' lang='lat' dir='ltr'>t</span> <span class='ocrx_word' id='word_1_719' title='bbox 2748 4844 3037 4904; x_wconf 77' lang='lat' dir='ltr'>Adhortor</span> <span class='ocrx_word' id='word_1_720' title='bbox 3069 4865 3160 4905; x_wconf 77' lang='lat' dir='ltr'>cos</span> <span class='ocrx_word' id='word_1_721' title='bbox 3185 4855 3236 4906; x_wconf 74' lang='lat' dir='ltr'>et</span> <span class='ocrx_word' id='word_1_722' title='bbox 3286 4847 3464 4904; x_wconf 76' lang='lat' dir='ltr'>invito</span> <span class='ocrx_word' id='word_1_723' title='bbox 3493 4891 3508 4914; x_wconf 88' lang='lat'>‚</span> <span class='ocrx_word' id='word_1_724' title='bbox 3546 4844 3685 4922; x_wconf 80' lang='lat' dir='ltr'>quia</span> 
     </span>
    </p>
   </div>
   <div class='ocr_carea' id='block_1_18' title="bbox 2092 4938 3685 5020">
    <p class='ocr_par' dir='ltr' id='par_1_19' title="bbox 2092 4938 3685 5020">
     <span class='ocr_line' id='line_1_113' title="bbox 2092 4938 3685 5020; baseline -0.004 -19"><span class='ocrx_word' id='word_1_725' title='bbox 2092 4981 2097 4988; x_wconf 87' lang='lat'><em>-</em></span> <span class='ocrx_word' id='word_1_726' title='bbox 2120 4961 2430 5020; x_wconf 73' lang='lat' dir='ltr'>coqeronon</span> <span class='ocrx_word' id='word_1_727' title='bbox 2450 4942 2630 5010; x_wconf 70' lang='lat' dir='ltr'>debeo,</span> <span class='ocrx_word' id='word_1_728' title='bbox 2653 4949 2718 4999; x_wconf 81' lang='lat' dir='ltr'>ut</span> <span class='ocrx_word' id='word_1_729' title='bbox 2732 4940 2796 4999; x_wconf 78' lang='lat' dir='ltr'>de</span> <span class='ocrx_word' id='word_1_730' title='bbox 2821 4941 3008 4999; x_wconf 72' lang='lat' dir='ltr'>liberis</span> <span class='ocrx_word' id='word_1_731' title='bbox 3025 4943 3219 5000; x_wconf 76' lang='lat' dir='ltr'>cestris</span> <span class='ocrx_word' id='word_1_732' title='bbox 3240 4941 3315 5003; x_wconf 82' lang='lat' dir='ltr'>ad</span> <span class='ocrx_word' id='word_1_733' title='bbox 3338 4938 3685 5000; x_wconf 75' lang='lat' dir='ltr'>clericatum</span> 
     </span>
    </p>
   </div>
   <div class='ocr_carea' id='block_1_19' title="bbox 2122 5035 3683 5118">
    <p class='ocr_par' dir='ltr' id='par_1_20' title="bbox 2122 5035 3683 5118">
     <span class='ocr_line' id='line_1_114' title="bbox 2122 5035 3683 5118; baseline -0.005 -21"><span class='ocrx_word' id='word_1_734' title='bbox 2122 5037 2367 5118; x_wconf 65' lang='lat' dir='ltr'>tradatis</span> <span class='ocrx_word' id='word_1_735' title='bbox 2417 5036 2739 5096; x_wconf 69' lang='lat' dir='ltr'>liberalibus</span> <span class='ocrx_word' id='word_1_736' title='bbox 2787 5035 2990 5094; x_wconf 78' lang='lat' dir='ltr'>studiis</span> <span class='ocrx_word' id='word_1_737' title='bbox 3023 5037 3188 5114; x_wconf 76' lang='lat' dir='ltr'>prius</span> <span class='ocrx_word' id='word_1_738' title='bbox 3227 5037 3526 5094; x_wconf 74' lang='lat' dir='ltr'>instructos</span> <span class='ocrx_word' id='word_1_739' title='bbox 3551 5079 3566 5102; x_wconf 94' lang='lat'><em>,</em></span> <span class='ocrx_word' id='word_1_740' title='bbox 3615 5040 3683 5089; x_wconf 71' lang='lat' dir='ltr'>ut</span> 
     </span>
    </p>
   </div>
   <div class='ocr_carea' id='block_1_20' title="bbox 2118 5127 3756 5211">
    <p class='ocr_par' dir='ltr' id='par_1_21' title="bbox 2118 5127 3756 5211">
     <span class='ocr_line' id='line_1_115' title="bbox 2118 5127 3756 5211; baseline -0.002 -22"><span class='ocrx_word' id='word_1_741' title='bbox 2118 5132 2233 5211; x_wconf 76' lang='lat' dir='ltr'>ipsi</span> <span class='ocrx_word' id='word_1_742' title='bbox 2259 5149 2364 5209; x_wconf 77' lang='lat' dir='ltr'>per</span> <span class='ocrx_word' id='word_1_743' title='bbox 2396 5150 2481 5189; x_wconf 71' lang='lat' dir='ltr'>eos</span> <span class='ocrx_word' id='word_1_744' title='bbox 2506 5177 2522 5200; x_wconf 89' lang='lat'>,</span> <span class='ocrx_word' id='word_1_745' title='bbox 2555 5131 2700 5189; x_wconf 77' lang='lat' dir='ltr'>sicut</span> <span class='ocrx_word' id='word_1_746' title='bbox 2727 5130 2880 5190; x_wconf 75' lang='lat' dir='ltr'>aliae</span> <span class='ocrx_word' id='word_1_747' title='bbox 2911 5127 3133 5200; x_wconf 76' lang='lat' dir='ltr'>Gentes,</span> <span class='ocrx_word' id='word_1_748' title='bbox 3167 5131 3231 5189; x_wconf 80' lang='lat' dir='ltr'>de</span> <span class='ocrx_word' id='word_1_749' title='bbox 3269 5129 3465 5207; x_wconf 72' lang='lat' dir='ltr'>linqua</span> <span class='ocrx_word' id='word_1_750' title='bbox 3497 5135 3682 5187; x_wconf 78' lang='lat' dir='ltr'>vestra</span> <span class='ocrx_word' id='word_1_751' title='bbox 3750 5191 3756 5199; x_wconf 63' lang='grc'><em>,</em></span> 
     </span>
    </p>
   </div>
   <div class='ocr_carea' id='block_1_21' title="bbox 2116 5220 3681 5586">
    <p class='ocr_par' dir='ltr' id='par_1_22' title="bbox 2118 5220 3681 5404">
     <span class='ocr_line' id='line_1_116' title="bbox 2119 5220 3681 5303; baseline -0.001 -18"><span class='ocrx_word' id='word_1_752' title='bbox 2119 5223 2458 5285; x_wconf 78' lang='lat' dir='ltr'>Latinitatis</span> <span class='ocrx_word' id='word_1_753' title='bbox 2479 5225 2719 5284; x_wconf 69' lang='lat' dir='ltr'>conscios</span> <span class='ocrx_word' id='word_1_754' title='bbox 2745 5225 2974 5303; x_wconf 73' lang='lat' dir='ltr'>possitis</span> <span class='ocrx_word' id='word_1_755' title='bbox 2992 5225 3190 5286; x_wconf 76' lang='lat' dir='ltr'>habere</span> <span class='ocrx_word' id='word_1_756' title='bbox 3215 5221 3459 5284; x_wconf 74' lang='lat' dir='ltr'>Clericus</span> <span class='ocrx_word' id='word_1_757' title='bbox 3479 5232 3530 5281; x_wconf 78' lang='lat' dir='ltr'>et</span> <span class='ocrx_word' id='word_1_758' title='bbox 3564 5220 3681 5283; x_wconf 82' lang='lat' dir='ltr'>Sa-</span> 
     </span>
     <span class='ocr_line' id='line_1_117' title="bbox 2118 5319 2536 5404; baseline -0.017 -23"><span class='ocrx_word' id='word_1_759' title='bbox 2118 5319 2378 5380; x_wconf 73' lang='lat' dir='ltr'>cerdotes.</span> <span class='ocrx_word' id='word_1_760' title='bbox 2529 5395 2536 5404; x_wconf 87' lang='lat'><em>.</em></span> 
     </span>
    </p>

    <p class='ocr_par' dir='ltr' id='par_1_23' title="bbox 2116 5410 3678 5586">
     <span class='ocr_line' id='line_1_118' title="bbox 2240 5410 3678 5485; baseline -0.001 -12"><span class='ocrx_word' id='word_1_761' title='bbox 2240 5418 2335 5473; x_wconf 89' lang='grc'><strong>1-5.</strong></span> <span class='ocrx_word' id='word_1_762' title='bbox 2376 5412 2866 5475; x_wconf 84' lang='lat' dir='ltr'>Concludendum</span> <span class='ocrx_word' id='word_1_763' title='bbox 2901 5412 3111 5474; x_wconf 90' lang='lat' dir='ltr'>itidem</span> <span class='ocrx_word' id='word_1_764' title='bbox 3145 5418 3270 5485; x_wconf 84' lang='lat' dir='ltr'>est,</span> <span class='ocrx_word' id='word_1_765' title='bbox 3304 5410 3475 5473; x_wconf 91' lang='lat' dir='ltr'>nullo</span> <span class='ocrx_word' id='word_1_766' title='bbox 3501 5411 3678 5473; x_wconf 79' lang='lat' dir='ltr'>fulci-</span> 
     </span>
     <span class='ocr_line' id='line_1_119' title="bbox 2116 5504 3676 5586; baseline -0.001 -16"><span class='ocrx_word' id='word_1_767' title='bbox 2116 5506 2173 5570; x_wconf 91' lang='lat' dir='ltr'>ri</span> <span class='ocrx_word' id='word_1_768' title='bbox 2199 5506 2592 5571; x_wconf 78' lang='lat' dir='ltr'>fundamento</span> <span class='ocrx_word' id='word_1_769' title='bbox 2613 5553 2629 5582; x_wconf 89' lang='lat'><strong>,</strong></span> <span class='ocrx_word' id='word_1_770' title='bbox 2664 5516 2726 5569; x_wconf 88' lang='lat' dir='ltr'>et</span> <span class='ocrx_word' id='word_1_771' title='bbox 2750 5525 2787 5570; x_wconf 87' lang='lat' dir='ltr'>a</span> <span class='ocrx_word' id='word_1_772' title='bbox 2814 5506 3067 5569; x_wconf 83' lang='lat' dir='ltr'>veritate</span> <span class='ocrx_word' id='word_1_773' title='bbox 3097 5523 3224 5568; x_wconf 87' lang='lat' dir='ltr'>esse</span> <span class='ocrx_word' id='word_1_774' title='bbox 3255 5523 3501 5586; x_wconf 86' lang='lat' dir='ltr'>prorsus</span> <span class='ocrx_word' id='word_1_775' title='bbox 3526 5504 3676 5568; x_wconf 88' lang='lat' dir='ltr'>alie-</span> 
     </span>
    </p>
   </div>
   <div class='ocr_carea' id='block_1_22' title="bbox 3717 5429 4017 5605">
    <p class='ocr_par' dir='ltr' id='par_1_24' title="bbox 3717 5429 4017 5605">
     <span class='ocr_line' id='line_1_120' title="bbox 3771 5429 4017 5474; baseline -0.012 -1"><span class='ocrx_word' id='word_1_776' title='bbox 3771 5429 4017 5474; x_wconf 67' lang='lat' dir='ltr'>Vindmtur</span> 
     </span>
     <span class='ocr_line' id='line_1_121' title="bbox 3721 5487 3969 5531; baseline -0.004 0"><span class='ocrx_word' id='word_1_777' title='bbox 3721 5487 3969 5531; x_wconf 67' lang='lat' dir='ltr'>Tridentino</span> 
     </span>
     <span class='ocr_line' id='line_1_122' title="bbox 3717 5545 4014 5605; baseline -0.02 -16"><span class='ocrx_word' id='word_1_778' title='bbox 3717 5545 3906 5605; x_wconf 60' lang='lat' dir='ltr'>Spodm</span> <span class='ocrx_word' id='word_1_779' title='bbox 3992 5559 4014 5583; x_wconf 73' lang='lat' dir='ltr'>a</span> 
     </span>
    </p>
   </div>
  </div>
 </body>
</html>
