4487 6316
1816 537 1942 591 Lm.
1979 537 2048 591 Π.
2079 529 2228 596 ’CAR
2266 536 2363 590 ffl.
2674 565 2683 574 ν
3466 544 3536 595 u

499 686 761 766 advertit
800 688 1028 768 Panget
1067 683 1261 747 Instit.
1302 681 1590 748 Catholic.
1606 691 1765 748 tom.
1812 688 1872 743 2.
1917 675 2053 763 pag.

487 787 638 856 525.
670 771 761 842 'Ad
785 783 968 843 tinem
993 780 1211 841 Psalmi
1238 778 1487 842 alternis
1513 778 1734 858 pariter
1775 777 2060 839 Sacerdos

489 885 562 956 ,et
583 872 857 938 Minister
883 874 1134 937 recitant
1160 872 1365 935 Gloria
1394 872 1567 933 Patri
1586 896 1607 942 ,·
1632 892 1811 953 quem
1834 869 2060 954 glorifi-

502 970 755 1033 cationis
785 957 1094 1052 hymnnnr
1122 967 1505 1048 appellarunt
1541 977 1770 1028 veteres
1810 967 2055 1038 Patres,

501 1067 576 1127 de
599 1086 722 1146 quo
741 1066 924 1127 verba
941 1064 1210 1138 fecimuS,
1237 1084 1374 1124 cum
1399 1063 1472 1124 de
1495 1060 1911 1142 Sanctissimae
1932 1060 2062 1121 Tri—

502 1161 709 1222 nitatis
733 1161 905 1221 Festo
930 1179 1262 1241 ageremus.

166 1292 237 1348 Qu
240 1292 276 1333 ἱ,
313 1299 459 1333 nrm·
620 1262 676 1316 3.
710 1254 890 1316 ΙΙΙιιιιι
925 1254 1173 1334 quidam
1201 1252 1490 1314 Flaviano
1532 1251 1903 1313 Antiocheno
1927 1239 2058 1311 Mo-

165 1348 322 1449 2³¹¹
334 1347 390 1390 ⁵⁸¹
365 1362 459 1403 ”¹⁸⁸1
498 1349 713 1422 nacho,
742 1348 1019 1416 nonnulli
1045 1335 1341 1411 Nicaenae
1356 1347 1598 1429 Synodo
1622 1347 1917 1408 tribuunt.
1940 1345 2056 1407 Sed

206 1421 342 1467 ’ω
499 1447 629 1526 ejus
602 1444 864 1526 shymni
888 1437 1236 1517 vetustiora,
1263 1462 1448 1523 quam
1469 1442 1731 1504 Nicaena
1754 1441 2051 1523 Synodus,

502 1539 840 1601 testimonia
874 1547 1015 1600 sunt
1036 1538 1198 1618 apud
1224 1537 1619 1616 Athanasium
1640 1545 1702 1598 et
1722 1536 2011 1598 Basilium
2036 1557 2052 1597 τ

495 1635 893 1715 quamobrem
918 1653 1128 1695 eorum
1154 1631 1466 1718 probanda
1484 1624 1784 1692 'sententia
1804 1640 1915 1703 est,
1947 1632 2062 1712 qui

502 1731 679 1793 illum
719 1751 792 1792 ex
819 1729 1158 1809 Apostolica
1197 1726 1544 1788 Traditione
1569 1726 1901 1806 profectum
1936 1727 2059 1787 exi-

493 1828 745 1889 stimant
772 1847 787 1896 ς
828 1845 968 1886 nam
995 1822 1226 1884 Fideles
1241 1822 1311 1883 -in
1336 1821 1632 1883 Ecclesiae
1669 1821 2017 1901 primordiis
2038 1868 2054 1896 ,

497 1942 666 1984 sacro
689 1919 881 1982 abluti
911 1918 1270 1998 Baptismate
1292 1916 1355 1994 in
1385 1915 1628 1982 nomine
1651 1915 1845 1976 Patris
1866 1923 1928 1977 et
1964 1915 2062 1977 Fi-

496 2015 564 2078 lii
598 2024 658 2090 et
693 2014 956 2094 Spiritus
990 2010 1188 2073 Sancti
1215 2057 1232 2083 ,
1282 2009 1740 2072 tribus-Divinis
1783 2011 2060 2096 Personis

495 2095 950 2192 glorificationis
970 2107 1267 2189 hymnum
1291 2124 1505 2167 canere
1527 2114 1871 2185 coeperunt.
1900 2106 2060 2168 Illud

497 2205 797 2274 dunmxat
821 2203 1084 2263 Nicaeno
1106 2200 1374 2263 Concilio
1406 2208 1595 2280 potest
1638 2199 1863 2272 tribui,
1894 2198 2062 2262 Sicut

495 2309 618 2360 erat
647 2301 708 2357 in
728 2299 1011 2378 principio
1040 2307 1141 2356 etc.
1175 2295 1336 2375 qnod
1362 2295 1436 2355 ad
1463 2294 1829 2355 Arianorum
1855 2294 2063 2357 haere*

497 2392 614 2454 sim
635 2391 1070 2453 retundendam
1107 2387 1380 2450 additum
1408 2388 1542 2449 tuit.
1576 2388 1716 2448 Vid.
1763 2390 2059 2451 Batonius

492 2488 570 2549 acl
589 2507 732 2548 ann.
763 2486 905 2547 Chr.
937 2490 1075 2546 325.
1098 2506 1159 2545 ιι.
1195 2490 1327 2545 173.
1357 2486 1523 2545 Bona
1547 2503 1665 2544 rer.
1695 2483 2053 2566 Liturgicar.

494 2581 603 2642 lib.
634 2586 692 2642 2.
736 2601 866 2661 cap.
902 2586 958 2641 3.
988 2600 1049 2639 ιι.
1080 2583 1138 2639 2.
1187 2578 1523 2640 Concilium
1564 2579 1825 2640 Vasense
1846 2599 2058 2640 secun-

493 2677 678 2749 dum,
705 2696 808 2737 seu
833 2674 996 2756 quod
1035 2673 1139 2736 alii
1155 2681 1417 2762 putant,
1461 2672 1707 2735 tertium
1728 2693 1890 2735 anno
1913 2680 2052 2736 529.

494 2770 773 2840 habitum
814 2791 947 2832 can.
978 2776 1036 2830 5.
1065 2769 1130 2829 in
1168 2769 1490 2842 Labbeana
1529 2761 1770 2830 Collect.
1819 2778 1961 2830 tom.
1991 2775 2051 2832 4.

496 2849 632 2946 pag.
668 2871 836 2926 1680.
869 2873 1163 2936 testatur,
1196 2863 1564 2925 additionem
1590 2862 1798 2925 illam
1774 2884 1901 2946 Jam
1928 2874 2058 2927 tum

490 2978 527 3022 a
553 2960 704 3022 Sede
729 2959 1111 3040 Apostolica,
1137 2966 1196 3020 et
1221 2971 1344 3038 p'er
1340 2957 1703 3031 Orientem,
1744 2958 2055 3034 Africam,

491 3064 552 3117 et
577 3055 814 3132 Italiam
856 3054 1135 3134 usurpari
1159 3100 1175 3126 ,
1199 3054 1494 3135 jubetque
1515 3053 1696 3115 etiam
1725 3053 1964 3116 recitari
1992 3055 2058 3116 in

489 3148 691 3231 Gallia
715 3170 729 3210 ε
760 3148 917 3229 Quia
949 3170 1058 3208 non
1084 3150 1265 3209 solum
1301 3150 1365 3208 in
1398 3147 1541 3209 Sede
1567 3146 1891 3229 Apostoliea
1917 3197 1933 3220 ,
1961 3151 2056 3211 sed

490 3238 670 3317 etiam
683 3263 786 3323 per
816 3254 994 3303 totum
1024 3239 1313 3302 Orientem
1336 3287 1352 3313 ,
1391 3252 1441 3302 et
1472 3252 1648 3303 totam
1667 3241 1950 3321 Africam,
1970 3246 2058 3304 vel

489 3336 726 3399 Italiam
741 3347 970 3417 propter
1000 3334 1437 3396 Haereticorum
1462 3337 1737 3397 astutiam
1764 3383 1781 3407 ,
1818 3338 1922 3415 qui
1948 3335 2058 3397 Dei

488 3429 708 3492 Filium
744 3452 859 3491 non
882 3450 1093 3511 semper
1121 3449 1251 3490 cum
1281 3427 1458 3491 Patre
1487 3431 1655 3508 fuisse
1682 3478 1698 3501 ,
1726 3432 1820 3491 sed
1847 3452 1886 3495 a
1918 3443 2054 3493 tem-

485 3547 620 3608 pore
656 3528 886 3606 coepisse
915 3525 1337 3606 blasphemant,
1385 3525 1451 3584 in
1491 3526 1744 3586 omnibus
1782 3528 2055 3589 clausulis

486 3633 610 3703 post
627 3620 859 3695 Gloria,
888 3614 1043 3682 sicut
1063 3626 1193 3681 erat
1217 3618 1279 3679 in
1306 3618 1606 3700 principio
1629 3618 1863 3690 dicitur,
1884 3624 2056 3683 etiam

487 3735 587 3774 nos
607 3717 670 3774 in
696 3715 973 3774 universis
995 3713 1265 3779 Ecclesiis
1291 3715 1501 3773 nostris
1530 3714 1630 3773 hoe
1648 3715 1734 3776 ita
1760 3715 2056 3776 dicendum

489 3828 596 3870 esse
616 3809 977 3868 decernimus.
1005 3805 1248 3868 Serius
1232 3827 1294 3867 ιιι
1321 3806 1613 3887 Hispania
1629 3827 1698 3868 ea
1716 3807 1945 3870 additio
1965 3818 2056 3873 est

490 3910 797 3980 usurpata.
820 3899 1062 3962 Canone
1077 3899 1239 3962 enim
1263 3904 1358 3979 12.
1380 3899 2049 3965 ConciliiToletaniIV.

491 4011 594 4055 ιιι.
633 3999 769 4054 603.
820 3992 1013 4055 habiti
1061 3993 1289 4055 Concil.
1341 3998 1485 4055 tom.
1535 4002 1597 4055 5.
1650 3996 1874 4058 Labbei
1910 4017 2047 4080 pag.

497 4093 671 4159 1710.
713 4086 974 4168 legitur
999 4086 1073 4149 ·1n
1098 4088 1208 4169 fine
1238 4091 1489 4149 omnium
1519 4088 1879 4151 Psalmorum
1907 4092 2052 4154 dici-

488 4202 655 4255 ιιιιιι,
703 4181 911 4244 Gloria
939 4192 990 4243 et
1020 4182 1216 4243 honor
1237 4181 1413 4244 Patri
1438 4195 1489 4245 et
1525 4183 1677 4245 Filio
1707 4197 1758 4246 et
1793 4186 2054 4267 Spiritui

492 4277 757 4341 Sancto
730 4297 797 4338 ιιι
822 4256 1048 4339 saecula
1077 4278 1425 4354 saeculorum
1457 4277 1684 4350 Amau
1715 4290 1776 4342 et
1798 4282 1873 4343 ad
1900 4302 2051 4343 eun-

489 4374 628 4439 dem
666 4372 914 4436 modum
956 4370 1179 4434 dicitur
1221 4369 1434 4435 Gloria
1464 4373 1685 4437 Patri
1667 4396 1732 4436 ιιι
1776 4376 2053 4459 Liturgia

491 4467 890 4537 Monrahica.

151 4596 255 4638 roa
301 4588 448 4632 etom
608 4567 667 4626 4.
689 4561 861 4625 Dicto
878 4560 1120 4627 Psalmo
1132 4560 1348 4623 Judica
1367 4580 1452 4622 me
1466 4561 1618 4643 Deus
1631 4570 1691 4624 et
1714 4542 1919 4627 Gloria
1936 4565 2054 4628 Pa-

156 4647 452 4752 mma&
495 4661 609 4730 tri,
639 4638 924 4727 Sacerdos
945 4675 1021 4717 ex
1050 4660 1182 4716 123.
1214 4654 1449 4716 Psalmo
1472 4638 1656 4716 dicit:
1683 4655 2051 4734 Adjutorium

153 4766 271 4819 sdic
245 4773 357 4806 ⁰¹¹oe
358 4774 450 4815 ω,
490 4764 744 4815 nostrum
771 4754 834 4812 in
859 4752 1083 4810 nomine
1117 4748 1384 4819 Domini,
1409 4748 1506 4809 cui
1535 4750 1851 4829 respondet
1874 4751 2053 4813 Mini-

147 4818 368 4927 aanor
494 4856 655 4921 ster,
680 4848 794 4926 qui.
804 4847 932 4925 fecit
962 4843 1198 4929 Caelum
1226 4854 1276 4904 et
1316 4842 1567 4906 Terram
1600 4844 1830 4908 Deinde
1850 4846 2051 4909 Sacer-

488 4943 596 5005 dos
618 4893 764 5002 dicit
790 4939 838 5001 C
839 4940 1088 5022 onfiteor
1137 4938 1414 5000 Minister
1437 4946 1639 5018 postea
1668 4939 1776 5001 Dei
1823 4941 2051 5003 miseri-

489 5036 754 5100 cordiam
797 5026 1098 5095 Sacerdoti
1142 5042 1540 5113 apprecatur,
1565 5034 1692 5114 qui
1733 5037 2050 5117 respondet

495 5131 694 5193 Amen.
725 5129 1001 5192 Minister
1022 5127 1231 5209 etipse
1255 5127 1467 5191 recitat
1510 5128 1811 5215 Confiteor.
1837 5131 1917 5192 Et
1946 5131 2048 5194 Sa-

2166 680 2247 744 ba
2269 680 2700 758 Confessionis,
2732 701 2856 745 mea
2875 683 3067 764 culpa,
3099 703 3221 748 mea
3240 684 3431 765 eulpa,
3459 706 3583 748 mea
3601 706 3725 750 ma—

2164 777 2331 838 xima
2360 780 2572 857 culpa,
2608 798 2792 840 manu
2820 778 3051 840 ter-sibi
3085 780 3343 859 percutit
3364 790 3571 861 pectus
3597 792 3728 845 tum

2166 869 2452 932 Sacerdos
2471 880 2599 934 tum
2623 872 2920 944 Minister,
2940 879 3079 936 cum
3097 873 3494 954 eaproferunt
3513 876 3721 940 verba.

2169 1013 2172 1014 ν
2286 971 2342 1025 5.
2375 965 2661 1028 Sacerdos
2682 975 2743 1028 et
2765 967 3040 1029 Minister
3065 967 3275 1029 dicunt
3299 967 3621 1052 Confiteor,
3639 979 3729 1035 et
3768 970 4057 1072 mm?-

2166 1059 2516 1121 Orationem
2540 1061 2935 1136 Mil-serentur,
2961 1062 3107 1142 quia
3149 1064 3434 1126 Sacerdos
3454 1075 3515 1128 et
3539 1066 3723 1129 Mini-
3762 1086 3820 1128 du
3768 1033 4061 1133 ωειρῖῗῗιω

2164 1161 2286 1215 ster
2318 1175 2422 1216 seu
2471 1146 2769 1236 populus,
2796 1177 2908 1237 pro
2944 1178 3067 1238 quo
3100 1159 3374 1222 Minister
3411 1160 3722 1244 loquitur,
3765 1143 4059 1211 ⁶¹¹²be

2166 1259 2377 1312 mutua
2422 1252 2713 1332 ejusmodi
2759 1253 3133 1316 confessione
3172 1264 3236 1334 et
3257 1256 3529 1333 oratione
3574 1271 3727 1323 asse·

2163 1353 2461 1422 quuturos
2493 1363 2620 1408 sese
2641 1346 2954 1410 confidunt
2980 1348 3206 1411 levium
3234 1341 3610 1431 peccatorum
3636 1369 3728 1418 re·-

2118 1482 2122 1486 .
2165 1437 2508 1501 missionem
2536 1487 2553 1513 ,
2572 1461 2705 1521 quo
2718 1443 2959 1522 puriori
2988 1453 3185 1506 mente
3208 1447 3332 1507 Deo
3354 1447 3729 1514 Sacrificium

2160 1533 2435 1594 offerant.
2466 1533 2514 1595 C
2514 1537 2826 1616 onfitcmini
2849 1538 3192 1605 alterutrum
3204 1552 3434 1619 peccata
3452 1556 3655 1617 cestra,
3679 1557 3734 1609 et

2164 1638 2322 1688 orate
2346 1647 2455 1706 pro
2485 1631 2719 1689 inticcm
2744 1677 2760 1700 ,
2794 1642 2857 1690 ut
2885 1633 3183 1692 salvemini
3202 1655 3224 1701 ,·
3266 1636 3451 1698 verba
3491 1647 3632 1700 sunt
3653 1659 3732 1703 ex

2166 1718 2354 1800 Epist.
2384 1720 2444 1782 S.
2472 1722 2677 1783 Jacobi
2702 1743 2832 1804 cap.
2863 1731 2921 1784 5.
2949 1745 3106 1786 vers.
3139 1730 3232 1786 16.
3262 1728 3446 1790 Trina
3472 1729 3575 1792 illa
3599 1751 3731 1813 per-

2165 1815 2361 1876 cussio
2381 1818 2637 1896 pectoris
2653 1819 3075 1882 contritionem
3095 1821 3290 1882 cordis
3307 1823 3625 1906 significat,
3650 1826 3732 1891 ab

2167 1910 2447 1990 exemplo
2486 1911 2662 1974 ducta
2702 1914 3019 1976 Publicani
3044 1961 3060 1987 ,
3094 1915 3201 1996 qui
3226 1927 3428 1997 pectus
3449 1920 3565 1981 sihi
3591 1917 3731 2003 per-

2121 2083 2122 2086 *
2166 2003 2399 2067 cutiens
2438 2013 2675 2086 peccata
2714 2026 2820 2069 sua
2845 2007 3184 2072 confitendo
3207 2011 3447 2075 veniam
3470 2034 3507 2076 a
3530 2018 3733 2080 Domi·

2169 2119 2253 2161 no
2278 2096 2645 2181 impetravit:
2666 2102 2758 2163 Ec
2784 2103 3134 2166 Publicanos
3163 2127 3202 2167 a
3235 2109 3389 2187 lonqe
3417 2121 3596 2182 stans,
3628 2119 3733 2174 noi-

2169 2197 2317 2258 lebat
2346 2217 2445 2257 nec
2474 2199 2659 2257 oculos
2688 2200 2767 2260 ad
2801 2196 3039 2262 Caelum
3071 2203 3251 2262 levare
3274 2225 3297 2270 ,·
3336 2204 3430 2264 sed
3452 2210 3732 2285 percum-

2167 2292 2263 2353 bat
2289 2291 2479 2372 pectus
2509 2313 2677 2352 suum
2706 2295 2936 2354 dicens:
2967 2294 3119 2354 Deus
3143 2299 3427 2378 propitius
3455 2311 3567 2361 esto
3592 2302 3735 2364 mita

2162 2390 2465 2469 peccatori.
2502 2388 2647 2448 Luc.
2674 2408 2727 2449 c.
2759 2393 2853 2449 18.
2880 2408 3007 2450 ver.
3041 2395 3134 2450 13.

2287 2487 2346 2542 6.
2375 2481 2553 2543 Stans
2572 2483 2770 2544 adhuc
2787 2503 2864 2544 ex
2888 2477 3139 2545 adverso
3162 2484 3387 2548 Altaris
3405 2493 3575 2550 extra
3596 2508 3730 2571 gra-
3768 2512 3893 2556 non·
3895 2525 4061 2556 nuno·

2168 2576 2283 2638 dus
2335 2576 2622 2640 Sacerdos
2673 2586 2805 2657 post
2846 2577 3331 2654 Confessionem,
3378 2582 3668 2661 quasdam
3695 2602 3730 2646 e
3768 2569 3999 2681 ξ’,ζεῖωὼἱ
4013 2582 4063 2668 ζζ

2165 2671 2351 2733 sacris
2397 2671 2641 2754 Paginis
2685 2671 3002 2733 Orationes
3038 2673 3424 2756 depromptas
3475 2676 3721 2752 recitat,
3768 2699 3863 2727 ⁰¹¹⁸
3907 2690 4062 2742 ‚pu-m·

2164 2767 2393 2848 quibus
2415 2775 2807 2848 peccatorum
2815 2787 2851 2828 a
2874 2769 3000 2829 Deo
3021 2768 3262 2829 veniam
3284 2769 3453 2849 petit,
3470 2790 3727 2853 eamque
3769 2749 3853 2842 {2⁰⁰
3859 2755 3937 2841 ιζ’
3979 2742 4060 2839 3.

2164 2861 2391 2923 mentis
2420 2861 2683 2942 postulat
2705 2862 3072 2942 puritatem,
3105 2881 3229 2943 qua
3255 2882 3406 2944 opus
3426 2875 3512 2926 est
3535 2867 3726 2928 Sacri·
3766 2864 3949 2916 ΜΨ·

2170 2953 2311 3016 ficio'
2355 2954 2574 3016 Missae
2594 2963 2794 3016 sancte
2819 2954 3216 3030 celebrando·
3249 2958 3343 3018 cui
3369 2958 3576 3021 itidem
3602 2980 3729 3023 res-

2153 3049 2403 3130 pondet
2445 3048 2738 3110 Minister.
2777 3049 2941 3109 Inter
2969 3048 3286 3111 Orationes
3314 3071 3385 3113 ea
3406 3059 3531 3127 aet,
3573 3072 3733 3133 quae

2171 3164 2282 3225 per
2307 3151 2490 3205 totam
2520 3142 2763 3205 Missam
2785 3163 2961 3224 saepe
2988 3139 3231 3219 dicitur,
3253 3145 3531 3211 Dominus
3560 3149 3734 3209 vobis-

2164 3260 2342 3309 cum,
2383 3257 2460 3299 ex
2483 3232 2642 3299 libro
2665 3238 2830 3300 Ruth
2849 3239 3063 3302 educta
3083 3256 3213 3321 cap.
3248 3245 3340 3301 11.
3369 3261 3524 3303 vers.
3561 3246 3619 3305 t.
3646 3243 3734 3306 Ee

2166 3352 2291 3394 ecce
2316 3335 2434 3415 ipse
2460 3333 2708 3394 veniebat
2747 3334 2811 3393 de
2846 3332 3168 3395 Bethlehem
3191 3383 3207 3407 ,
3241 3337 3503 3415 dixitque
3530 3354 3731 3399 messo-

2164 3427 2326 3486 ribus
2349 3445 2369 3485 .·
2401 3426 2989 3496 Dominusrvobiscum
3014 3475 3029 3498 ,
3061 3430 3164 3507 qui
3201 3431 3603 3509 responderunt
3630 3433 3726 3492 ei:

2165 3522 2471 3583 Benedicat
2501 3523 2607 3581 tibi
2635 3522 2930 3582 Dominus.
2957 3521 3232 3585 Minister
3253 3543 3398 3586 vero
3412 3523 3723 3589 Sacerdoti

2168 3617 2509 3698 respondet:
2545 3616 2629 3677 Et
2655 3638 2782 3677 cum
2799 3619 3008 3697 spiritu
3037 3629 3156 3687 tuo,-
3174 3624 3341 3700 'qnae
3366 3640 3442 3682 ex
3472 3608 3727 3683 ozenn-

2163 3710 2211 3771 li
2236 3711 2437 3773 verbis
2460 3711 2535 3772 ad
2557 3710 2801 3772 Galatas
2820 3730 2949 3791 cap.
2980 3717 3038 3772 6.
3072 3716 3179 3774 18.·
3194 3713 3505 3795 desumpta
3521 3714 3729 3777 viden-

2165 3815 2297 3868 tur:
2337 3804 2548 3868 Gratia
2576 3805 2811 3866 Domini
2835 3809 3017 3867 nostri
3046 3807 3186 3869 Jesu
3213 3804 3435 3870 Christi
3457 3831 3586 3871 cum
3608 3812 3727 3892 spi-

2162 3902 2290 3961 ritu
2311 3912 2488 3962 cestro
2505 3900 2755 3961 Fratres.
2790 3900 2991 3962 Anien.
3019 3901 3190 3976 Quae
3211 3904 3484 3983 verbayin
3498 3905 3727 3969 Missae

2162 3995 2417 4057 decursu
2447 3994 2619 4057 toties
2658 3994 2933 4057 Minister
2960 3997 3211 4078 repetit,
3243 3984 3478 4079 quoties
3517 4000 3721 4063 Sacer-

2161 4091 2270 4152 dos
2294 4090 2441 4152 dlcit
2463 4091 2737 4151 Dominus
2766 4092 3064 4159 vobiscum.

2253 4192 2341 4249 ’1.
2379 4186 2655 4266 Denique
2675 4186 2961 4248 Sacerdos
2981 4194 3300 4269 postquam
3319 4182 3620 4255 adstantes
3640 4191 3721 4253 ad
3759 4207 3845 4248 cm
3901 4208 4049 4248 sm.»-

2161 4300 2365 4362 preces
2386 4282 2512 4342 Deo
2534 4280 2869 4343 fundendas
2897 4282 3182 4353 excitavit
3201 4283 3405 4345 dicens
3432 4283 3670 4346 Oremus
3692 4333 3711 4358 ,
3756 4262 3834 4364 ae
3886 4261 4050 4363 ml:-

2160 4375 2383 4458 gradus
2427 4374 2653 4437 Altaris
2696 4377 3094 4438 conscendens
3144 4378 3355 4440 recitat
3402 4377 3720 4443 Orationes

2160 4469 2345 4549 Auser
2371 4492 2410 4533 a
2440 4472 2595 4531 nobis
2619 4518 2636 4541 ,
2669 4479 2730 4532 et
2775 4469 3024 4532 Oramus
3054 4483 3105 4533 te
3126 4472 3363 4534 Domine
3382 4493 3487 4555 per
3512 4478 3718 4539 merita

2117 4644 2122 4647 ,
2162 4563 2509 4645 Sanctorum
2539 4575 2766 4626 tuorum
2789 4613 2805 4636 ,
2849 4572 2911 4626 et
2939 4573 3082 4628 tunc
3099 4566 3374 4647 primum
3409 4568 3717 4632 osculatur

2159 4659 2407 4734 Altare;
2439 4658 2603 4738 quod
2631 4657 2950 4740 aliquoties
2970 4658 3036 4720 in
3058 4660 3274 4723 Missae
3302 4682 3481 4724 cursu
3504 4662 3716 4727 itidem

2157 4753 2486 4817 osculatur:
2514 4773 2658 4817 nam
2677 4754 2950 4817 osculum
2971 4755 3251 4818 salutatio
3277 4759 3574 4839 quaedam
3600 4769 3712 4835 est,

2156 4857 2225 4911 ut
2248 4859 2419 4912 notat
2443 4850 2670 4931 Pouget
2696 4847 2811 4911 loc.
2842 4849 2943 4911 cit.
2977 4871 3114 4933 pag.
3149 4856 3286 4913 827.
3318 4852 3716 4935 ubi-proposi·

2156 4942 2736 5025 tsmquaestionem,
2769 4943 2893 5005 Cur
2923 4944 3194 5009 Sacerdos
3222 4950 3476 5027 accedens
3497 4951 3575 5010 ad
3601 4949 3712 5012 ,tt-

2157 5048 2326 5111 tare,
2361 5039 2461 5100 hoe
2489 5041 2807 5110 osculetur,
2830 5040 3090 5119 *idemque
3119 5042 3340 5119 faciat,
3378 5048 3596 5123 quoties
3641 5048 3715 5108 ab

2155 5154 2216 5195 eo
2245 5134 2480 5206 recedit,
2514 5132 2598 5194 ita
2621 5132 2841 5196 solvit.
2875 5134 3002 5195 Hoc
3020 5137 3383 5198 salutationis
3409 5158 3582 5219 qenus
3605 5152 3706 5202 est.

487 5225 695 5287 cerdos
738 5222 962 5305 populo
1006 5221 1477 5284 misericordiam
1517 5238 1555 5286 a
1597 5225 1722 5285 Deo
1766 5224 2051 5305 implorat
2158 5225 2472 5289 Osculatur
2500 5226 2773 5289 Sacerdos
2797 5226 3042 5300 Altare,
3074 5232 3179 5309 qui
3212 5242 3378 5313 typus
3407 5246 3484 5294 est
3533 5233 3708 5297 Chri-

483 5319 608 5381 illis
644 5318 884 5393 verbis,
910 5316 1219 5378 Miseretur
1237 5320 1448 5389 vestri,
1473 5326 1535 5379 et
1555 5318 1777 5399 populo
1802 5317 2043 5394 itidem,

2152 5323 2271 5394 sti,
2304 5342 2470 5401 eoque
2498 5323 2682 5382 osculo
2701 5322 3000 5403 profitetur
3026 5277 3328 5397 adhaerere
3358 5345 3413 5386 se
3445 5325 3705 5400 Christo,

483 5414 724 5495 sibique
747 5412 1029 5475 Divinam
1055 5392 1500 5495 indulgentiam
1530 5416 1680 5495 petit
1701 5414 1809 5478 illa
1828 5416 2047 5479 oratio·
2151 5418 2251 5477 cui
2289 5418 2432 5477 sicut
2470 5416 2719 5477 membra
2745 5416 2961 5495 capiti,
3004 5419 3263 5499 connexi
3284 5430 3439 5481 sunt*
3459 5420 3704 5496 Sancti,

487 5507 1086 5592 ne,1ndulqentiam,
1117 5508 1539 5581 absolutionem,
1570 5520 1672 5572 etc.
1705 5510 1800 5573 Ad
1820 5530 1892 5574 ea
1913 5531 2045 5575 ver-
2151 5526 2399 5593 quorum
2422 5509 2719 5591 Reliquiae
2742 5512 2823 5571 ibi
2852 5521 3170 5573 certantur.
