4487 6316
1647 481 1983 537 meaulx
2016 481 2128 536 ΧΠ.
2170 482 2260 537 ΔΙ)
2298 486 2421 538 ΗΒ.
2464 486 2558 540 111.

559 622 617 680 5.
645 636 826 700 quem
852 618 953 682 hic
977 620 1349 703 subjicimus.
1373 622 1537 686 Haec
1562 626 1865 705 appendix
1888 625 2023 688 atti-

557 720 661 774 net
684 712 866 781 otiam
893 713 970 776 ad
998 712 1228 777 librum
1259 720 1312 776 1.
1347 715 1491 796 Cap.
1527 722 1583 778 9.
1669 754 1677 761 -

194 918 310 984 ,non
350 913 448 959 tie-t
485 897 544 958 6.
597 845 803 982 Quae
829 900 1439 978 hactenusdiximus,
1472 904 1892 968 rationabilem
1918 952 1935 980 ,
1965 915 2027 969 et

126 971 436 1074 &⁰:5¹2
468 990 597 1071 juri
616 994 985 1065 conformem
1003 996 1326 1058 ostendunt
1346 998 1707 1079 synodalem
1731 999 2028 1062 Constitu-

126 1088 319 1186 ἔξω
364 1101 435 1131 0⁰·
476 1085 700 1150 tionem
722 1090 967 1152 Clericis
990 1090 1445 1156 interdicentem
1471 1094 1647 1154 usu'm
1668 1112 1872 1157 comae
1888 1114 2026 1175 sup-

125 1176 246 1301 ¹:2⁸⁸,
268 1158 437 1262 3925-
474 1180 774 1288 posititiae
798 1185 959 1291 ;sed·
988 1183 1280 1266 quoniam
1306 1204 1431 1291 pon
1458 1195 1650 1266 potest
1693 1187 2023 1269 Legislator

182 1292 194 1299 ·
468 1275 738 1356 singulos
755 1277 1106 1356 praevidere
1125 1278 1457 1358 peculiares
1466 1298 1670 1355 casus,
1695 1298 2025 1362 omnesque

466 1386 575 1430 sua
599 1369 729 1450 lege
740 1364 1078 1452 complecti,
1107 1374 1350 1453 expedit
1371 1374 1663 1459 profecto,
1688 1376 1841 1438 utin
1870 1376 2024 1456 ipsa·

469 1470 590 1525 met
618 1464 1053 1534 Constitutione
1073 1513 1090 1540 ‚
1125 1488 1232 1530 seu
1250 1468 1472 1547 edicto,
1507 1469 1873 1555 facultatem,
1899 1491 2022 1551 qua

469 1560 853 1640 caeteroquin
873 1547 1085 1641 ⁸pollet
1105 1608 1122 1636 ,
1151 1561 1267 1624 sibi
1297 1583 1575 1643 expresse
1604 1576 1908 1639 reservet,
1953 1565 2022 1626 fi-

465 1661 630 1717 ctum
656 1654 1017 1741 capillitium
1037 1656 1160 1717 illis
1187 1656 1595 1735 permittendi,
1620 1659 1728 1738 qui
1756 1659 2018 1721 Medico-

467 1768 604 1810 rum
616 1749 846 1830 judicio
868 1740 1231 1821 valetudinis
1252 1770 1431 1815 causa
1448 1772 1520 1814 eo
1536 1753 1833 1835 indigent,
1853 1751 2019 1832 quod

465 1842 1044 1922 prudenter'fa'ctum
1069 1843 1617 1906 animadvertimus*
1633 1845 1697 1906 in
1739 1845 2016 1907 Diocesa-

467 1953 546 1997 na
572 1935 815 2016 Synodo
844 1928 1205 1999 Bononiensi
1233 1938 1380 2000 anni
1431 1943 1602 2000 1698.
1638 1939 1747 2000 lib.
1790 1944 1847 1999 3.
1880 1958 2009 2018 cap.

468 2032 522 2089 1.
561 2029 667 2089 uhi
695 2023 910 2091 similis
936 2030 1295 2101 Constitutio
1320 2032 1433 2095 hac
1463 2033 1773 2114 mitigatur
1801 2032 2017 2093 limita-

462 2122 624 2184 tione
651 2143 665 2183 :
697 2123 833 2185 Nisa·
871 2143 944 2185 ea:
969 2146 1145 2203 causa
1188 2128 1343 2187 nobis
1369 2175 1386 2198 ‚
1417 2129 1502 2187 vel
1557 2127 1781 2187 Vicat-io
1818 2136 2014 2184 nostro

459 2220 684 2295 coquito
710 2266 725 2288 ,
752 2220 1179 2298 indamnatam
1221 2221 1298 2281 ad
1334 2231 1543 2299 tempus
1576 2219 2007 2280 arbitrabimur.

455 2312 653 2391 Atque
675 2311 741 2372 iu
766 2312 1009 2393 Synodo
1038 2313 1336 2375 Asculana
1362 2313 1508 2374 anni
1545 2318 1719 2373 1719.
1747 2330 1877 2390 cap.
1906 2315 2005 2370 20.

455 2404 594 2467 Nisi
639 2425 713 2467 ex
732 2408 896 2484 justa
918 2454 935 2477 ,
979 2418 1031 2468 et
1060 2409 1396 2470 rationabili
1426 2426 1600 2466 causa
1639 2406 2008 2484 dispensatio-

456 2520 582 2561 nem
606 2502 1050 2580 impetrat-erint.
1084 2502 1304 2563 Caveat
1331 2510 1529 2562 tamen
1553 2498 1902 2579 Episcopus,
1933 2518 2010 2560 ne

453 2594 612 2654 hanc
638 2592 878 2655 veniam
906 2593 1237 2674 elargiatur
1266 2637 1282 2665 ‚
1314 2592 1432 2653 nisi
1456 2601 1692 2672 praeter
1718 2610 1961 2652 causam
1988 2636 2005 2665 ‚

453 2686 636 2750 etiam
660 2700 894 2758 comam
925 2687 1117 2766 ipsam
1138 2734 1156 2758 ‚
1187 2705 1371 2767 quam
1402 2684 1615 2752 Clerici
1644 2694 1875 2767 gestare
1900 2706 2006 2746 cu-

454 2781 651 2862 piunt,
683 2781 1003 2863 diligenter
1031 2781 1202 2861 prius
1230 2780 1688 2842 examinaverit.
1722 2780 1857 2840 Non
1885 2779 2006 2842 alia

455 2875 753 2955 siquidem
775 2882 865 2936 est
885 2874 1121 2948 iisdem,
1149 2875 1473 2954 praecipue
1495 2874 1543 2935 si
1573 2874 1694 2935 sint
1724 2873 1782 2934 in
1809 2873 2006 2936 Sacris

455 2970 784 3043 constituti,
815 2970 1217 3050 permittenda
1244 2958 1360 3031 nisi
1390 2988 1546 3049 quae
1578 2968 1811 3030 nullam
1839 2989 2007 3048 prae-

450 3065 669 3128 seferat
697 3064 1022 3127 vanitatem
1049 3085 1067 3137 ;
1112 3064 1216 3126 sed
1249 3072 1411 3126 tanta
1439 3063 1517 3125 sit
1552 3062 1960 3149 moderatione
1981 3109 1999 3136 ,

451 3180 521 3224 ac
547 3152 837 3222 modestia
864 3158 1242 3236 concinnata,
1284 3167 1350 3219 ut
1378 3157 1660 3220 omnibus
1693 3156 2005 3221 manifeste

450 3264 775 3335 appareat,
806 3273 940 3314 eam
963 3253 1043 3313 ob
1063 3271 1291 3318 meram
1321 3252 1747 3334 necessitatem,
1779 3271 1901 3312 non
1924 3253 2002 3314 ad

449 3348 664 3410 luxum
690 3356 751 3409 et
785 3365 1066 3427 pompam
1092 3390 1109 3419 ‚
1143 3345 1221 3406 ad
1257 3345 1469 3425 capitis
1511 3365 1632 3406 non
1677 3339 2000 3407 ornamen-

448 3449 577 3505 tum
603 3486 621 3515 ,
650 3442 754 3504 sed
785 3435 1193 3521 tegumentum
1226 3438 1526 3502 adhiberi.
1559 3438 1807 3500 Cavebit
1835 3459 2007 3520 prae—

448 3544 610 3598 terea
628 3581 650 3608 ,
695 3555 771 3596 ne
796 3534 927 3596 ·ulli
973 3533 1277 3596 Sacerdoti
1325 3532 1630 3594 licentiam
1672 3533 1995 3614 concedat,

447 3627 1048 3710 Missae-sacrificium
1073 3627 1419 3690 celebrandi
1451 3647 1586 3689 cum
1615 3627 1872 3708 ascititia
1896 3647 1997 3690 eo-

451 3735 572 3798 ma;
590 3722 870 3803 quamvis
886 3722 1051 3790 enim
1068 3719 1438 3803 Theophilus
1450 3722 1820 3804 Raynaudus
1837 3742 1988 3803 oper.

449 3831 580 3880 tom.
618 3823 711 3879 12.
737 3819 823 3878 'dc
844 3819 995 3904 pileo
1017 3864 1034 3887 ,
1067 3828 1119 3877 et
1150 3820 1343 3878 ceteris
1381 3808 1583 3897 cespius
1616 3819 1946 3900 thmt‘qibm
1974 3865 1991 3889 ‚

444 3904 577 3984 sest.
621 3918 693 3987 2.
725 3910 790 3994 S.
838 3909 1008 3972 Nunc
1047 3931 1075 3971 c
1115 3912 1402 3998 contrario
1427 3958 1443 3982 ,
1484 3913 1644 3971 circa
1682 3911 1850 3991 finem
1874 3959 1892 3983 ,
1935 3919 1997 3978 et

445 4004 789 4088 Pasqualig.
812 4005 878 4068 do
898 4001 1116 4081 Sacris.
1150 4023 1276 4063 nov.
1298 4001 1434 4081 Lcy.
1461 4023 1517 4081 q.
1543 4008 1641 4065 83.
1665 4002 1847 4065 licere
1862 4005 1995 4086 opi-

445 4091 668 4166 nent‘ur
693 4097 1212 4161 Sacerdoti-Sacris
1236 4097 1471 4177 operari
1496 4116 1633 4159 cum
1651 4097 1790 4160 ficto
1808 4099 1994 4180 capil-

444 4195 579 4259 litio
604 4195 691 4262 ita
715 4211 826 4255 suo
852 4190 1034 4271 capiti
1062 4198 1264 4270 aptato
1283 4235 1305 4266 ,
1347 4198 1477 4253 uta
1504 4209 1645 4278 vera
1668 4236 1686 4264 ,
1727 4201 1798 4257 et.
1815 4202 1992 4254 natu-

442 4290 558 4354 rali
586 4308 770 4351 ¹eorm
810 4284 1132 4350 internosci
1178 4291 1436 4365 nequeat
1463 4329 1480 4358 ‚
1526 4292 1709 4364 atque
1747 4285 1994 4366 insuper

441 4385 603 4468 apud
625 4399 807 4463 saepe.
827 4382 1078 4448 citatum
1104 4379 1324 4442 Thiers‘
1343 4400 1476 4461 cap.
1501 4383 1599 4441 20.
1624 4373 1786 4442 extet
1813 4379 1994 4442 licen-

445 4480 530 4544 tia
549 4501 589 4543 a
614 4475 922 4542 Cardinali
952 4475 1326 4556 Hieronymo
1351 4473 1648 4546 Grimaldi
1675 4473 1991 4555 Archiepi-

443 4577 625 4657 scopo>
645 4570 912 4657 Aquensi
939 4569 1179 4653 cuidam
1196 4569 1499 4640 Sacerdoti
1523 4585 1818 4642 concessa,
1842 4568 1989 4631 Mis-

441 4689 570 4733 sam
589 4665 931 4732 celebrandi
950 4666 1088 4726 'cum
1106 4682 1277 4725 coma
1301 4660 1986 4743 supposititia3-attamen

438 4772 668 4828 certum
694 4769 804 4836 est,
829 4759 1252 4843 Raynaudum,
1284 4764 1345 4820 et
1373 4749 1799 4838 Pasqualigum
1826 4741 1981 4833 falli,

437 4880 511 4924 ac
527 4849 909 4922 Cudinatom
932 4852 1315 4932 Grimaldum
1333 4871 1477 4914 suae
1498 4851 1803 4932 potestatis
1820 4852 1983 4929 limi-

439 4962 525 5016 tes
549 4953 1072 5034 praetergressum.
1090 4943 1100 4953 ’
1120 4935 1361 5009 Etenim
1384 4990 1402 5020 ,
1447 4945 1536 5008 uti
1564 4946 1717 5036 hene
1741 4946 1982 5020 ratioci-

438 5054 619 5109 natur
648 5042 1031 5114 Reiffenstuel
1071 5042 1151 5105 ad
1176 5041 1288 5104 lib.
1322 5046 1381 5103 3.
1426 5040 1721 5112 Decretal.
1774 5041 1865 5102 tit.
1919 5046 1975 5102 1³.

436 5160 501 5202 n.
533 5144 633 5201 91.
659 5183 677 5211 ,
707 5153 1092 5207 nemosanae,
1115 5136 1331 5198 mentis
1356 5134 1614 5198 inficiari
1640 5142 1852 5215 potest,
1873 5154 1981 5215 per

436 5232 644 5295 fictum
671 5227 1028 5310 capillitium
1069 5225 1402 5312 Sacerdotis
1427 5236 1608 5310 caput
1648 5227 1880 5302 velari,
1921 5235 1983 5290 et

433 5323 751 5408 cooperiri,
782 5322 849 5384 in
874 5321 1619 5402 Almi.autem,‘cooporto
1645 5320 1839 5405 capite
1865 5321 1979 5383 mi-
2004 5329 2009 5336 '

430 5422 688 5487 nistrare
708 5464 730 5496 ,
767 5437 846 5482 ne
885 5410 1177 5500 Episcopo
1218 5415 1464 5498 quidem
1511 5415 1980 5499 permittendum

3382 490 3486 541 2133

2126 629 2329 693 statuit
2353 630 2669 692 Zacharias
2688 632 2847 712 Papa
2867 632 2932 691 iu
2955 631 3219 692 Concilio
3243 633 3514 694 nontam)
3530 631 3675 716 ataui

2129 727 2267 783 743.
2299 743 2429 804 cap.
2471 730 2563 785 13.
2599 724 2789 787 relato
2833 726 2969 787 dist.
3012 731 3063 786 1.
3093 731 3361 803 οειιι..57.
3391 746 3411 785 .·
3459 714 3704 801 Nullus

2130 817 2465 897 Episcopus,
2497 819 2817 900 Presbyter,
2849 831 2952 882 aut
2979 820 3263 882 Dt‘aconus
3288 820 3365 880 ad
3393 821 3676 880 celebran-

2130 912 2266 980 dum
2278 912 2356 973 M
2354 903 2596 973 issaram
2606 916 2875 990 septennia
2892 924 3213 993 praesumat
3234 914 3578 980 sambuculo
3595 902 3684 974 iiz-

2132 1007 2336 1080 troire3
2365 1019 2468 1067 aut
2491 1009 2672 1069 relato
2701 1010 2881 1088 capite
2905 1009 2981 1068 acl
3007 1008 3242 1068 Altaria
3264 1006 3372 1068 Dei
3392 1009 3678 1067 assistere.-

2130 1103 2398 1178 quoniam
2427 1113 2477 1161 et
2503 1101 2802 1181 Apostolus
2823 1103 3076 1182 prohibet
3107 1149 3123 1172 ,
3152 1103 3300 1161 viros
3324 1102 3505 1162 velato
3524 1101 3682 1182 copi-

2132 1206 2182 1255 te
2209 1214 2375 1256 orare
2403 1197 2466 1255 in
2491 1196 2750 1280 Ecclesia
2774 1216 2796 1255 .·
2829 1207 2881 1256 et
2905 1199 2958 1256 si
2988 1207 3173 1267 mmm
3199 1198 3637 1282 praesumpserit
3661 1242 3679 1266 ,
3709 1204 3710 1207 ’

2133 1288 2532 1349 Communium
2560 1293 2836 1370 privetur:
2862 1290 3126 1363 Cuilibet
3145 1309 3294 1361 vero.
3309 1297 3682 1368 compertum

2128 1391 2236 1457 est,
2272 1401 2391 1444 non
2425 1404 2590 1463 posse
2607 1385 2966 1464 Episcopum
2988 1384 3262 1445 relaxare
3291 1382 3481 1463 legem
3509 1402 3546 1459 a
3572 1383 3682 1453 Sue

2126 1477 2363 1557 periore
2390 1478 2596 1551 latam,
2620 1496 2817 1557 neque
2838 1468 3012 1540 alteri
3040 1478 3206 1539 illam
3227 1476 3532 1539 licentiam
3560 1477 3676 1538 im-

2128 1571 2380 1651 pertiti,
2419 1590 2618 1653 quam
2661 1570 3017 1651 sibimetipsi
3064 1570 3390 1641 concedere
3437 1569 3669 1649 nequit.

2127 1666 2421 1740 Quocirca
2447 1685 2615 1728 sacra
2643 1666 2871 1726 rituum
2906 1656 3300 1746 Congregatio
3331 1664 3429 1725 die
3456 1669 3553 1725 31.
3576 1665 3678 1726 Ja-
3719 1690 3868 1744 neque
3913 1705 4005 1733 ω..

2126 1779 2301 1821 nuar.
2340 1765 2512 1821 1626.
2559 1768 2618 1820 et
2645 1763 2743 1819 2t.
2782 1759 2975 1839 April.
3023 1746 3289 1839 ejusdem
3318 1758 3464 1819 anni
3503 1758 3677 1838 apud
3719 1746 3888 1804 ¹³¹¹⁸⁰¹⁰·

2122 1853 2463 1914 Gavantum
2492 1856 2557 1923 in
2582 1858 2870 1912 comatam.
2901 1853 2978 1913 ad
3003 1854 3163 1911 rubr.
3194 1851 3425 1913 Missal.
3443 1869 3577 1931 par.
3614 1858 3682 1921 2.

2124 1950 2213 2006 tit.
2255 1953 2314 2007 2.
2348 1995 2363 2016 ,
2395 1946 2702 2007 decrevit:
2732 1945 2912 2006 Nemo
2937 1946 3141 2006 audeat
3170 1948 3260 2005 uti
3279 1947 3483 2024 pileolo
3512 1947 3574 2005 in
3597 1966 3678 2006 cc-

2125 2042 2428 2100 tabu-atione
2453 2039 2774 2099 Missurum
2801 2041 2920 2099 sinte
2947 2058 3210 2119 expressa
3256 2040 3484 2099 licetuia
3514 2038 3678 2101 Sedis
3743 2095 3754 2099 ,

2119 2134 2471 2213 Αρωιοῑίσαο
2496 2179 2513 2202 ,
2561 2152 2670 2191 non
2716 2132 2962 2193 obstante
3007 2152 3338 2210 quacumque
3385 2134 3679 2202 contraria

2117 2228 2531 2286 comuctudinc.
2571 2226 2842 2307 Cumque
2881 2224 2943 2284 in
2973 2224 3244 2306 Congreg
3284 2225 3672 2306 tione'parti-

2117 2319 2309 2382 culari
2339 2320 2418 2381 ab
2449 2319 2794 2382 Alexandro
2835 2319 3061 2381 Octavo
3087 2245 3445 2382 anmalbtio.
3485 2321 3676 2405 depo-2

2120 2422 2238 2475 tata
2264 2459 2281 2487 ‚
2331 2414 2513 2475 fuerit
2534 2414 2844 2494 speciatim
2873 2413 3173 2475 discussus
3216 2414 3507 2479 articulus
3535 2460 3552 2489 ‚
3595 2417 3673 2478 de

2115 2526 2237 2587 quo
2266 2507 2328 2567 in
2359 2526 2640 2588 praesens
2678 2517 3047 2595 tractamus,
3098 2526 3177 2568 an
3220 2507 3445 2577 scilicet
3476 2510 3673 2589 pileoli

2117 2602 2361 2663 nomine
2386 2602 2928 2682 comprehendatur
2946 2601 3130 2665 etiam
3156 2621 3327 2664 coma
3345 2603 3667 2682 suppositi-

2115 2695 2221 2769 tia,
2253 2696 2337 2759 ita
2369 2705 2439 2758 ut
2467 2716 2663 2777 neque
2688 2716 2825 2759 cum
2853 2698 2967 2760 hac
2995 2696 3085 2758 fas
3111 2696 3189 2758 sit
3205 2696 3508 2765 Sacerdoti
3533 2697 3666 2760 sine

2112 2790 2554 2872 dispensatione
2571 2791 2767 2872 Papae
2777 2792 3030 2899 {Missam
3059 2791 3274 2864 facere,
3305 2791 3538 2852 etiamsi
3561 2791 3669 2855 illa

2111 2886 2325 2948 decens
2363 2894 2424 2948 et
2452 2886 2715 2948 modesta
2743 2893 2864 2973 sit,
2905 2886 3150 2965 qualem
3183 2885 3575 2966 l’asqualigus
3601 2892 3663 2947 et

2114 2980 2481 3061 Raynaudus
2502 2978 2927 3059 permiserunt3
2953 2996 3306 3057 responsum
3326 2977 3467 3050 fuit,
3496 2976 3662 3038 Com-

2106 3075 2415 3153 prehendi„
2466 3072 2620 3134 sicut
2645 3071 2831 3133 refert
2873 3073 3101 3157 Ursaya
3130 3074 3315 3132 instit.
3362 3069 3656 3132 'cr-inunct.

2114 3170 2210 3229 lib.
2248 3173 2301 3230 1.
2354 3170 2444 3228 tit.
2480 3171 2573 3228 10.
2609 3165 2673 3248 §-
2700 3171 2769 3227 λι.
2805 3187 2864 3226 n.
2911 3170 3009 3227 51.
3039 3213 3056 3236 ,
3103 3164 3169 3226 in
3203 3166 3374 3247 cujus
3414 3165 3660 3245 quidem

2068 3327 2073 3333 ,
2109 3260 2328 3322 decreti
2376 3259 2683 3340 sequelam
2735 3258 3121 3321 Innocentius
3166 3258 3309 3329 xu.
3363 3278 3470 3337 per
3523 3278 3664 3319 suos

2107 3354 2475 3434 Apostolicos
2520 3353 2777 3416 Nuntios
2820 3353 3093 3421 locorum
3130 3351 3487 3422 ordinarios
3537 3372 3661 3413 mo-

2106 3448 2237 3509 neri
2270 3448 2451 3529 jussit
2474 3493 2492 3522 ,
2535 3468 2612 3509 ne
2651 3465 3020 3527 quemquam
3064 3444 3491 3526 permitterent⁴
3527 3445 3659 3507 sine

2106 3541 2480 3622 Apostolicae
2522 3541 2689 3603 Sedis
2744 3540 3063 3621 privilegio
3109 3558 3252 3604 *cum
3311 3537 3654 3606 adulterino

2102 3635 2393 3716 capillitio
2410 3643 2850 3698 sacrosanctum
2870 3625 3155 3715 peragere
3164 3623 3399 3700 Missae
3411 3633 3652 3694 Sacrifi-

2100 3731 2263 3792 cium
2290 3776 2308 3802 ,
2358 3729 2882 3811 quemadmodum,
2912 3727 3096 3790 refert
3132 3727 3349 3797 citatus
3388 3727 3650 3788 Reitfeu-

2100 3824 2276 3887 stuel.
2299 3824 2470 3900 Quae
2488 3824 2693 3887 omnia
2714 3824 2960 3886 uberius
2980 3842 3017 3884 a
3036 3822 3222 3884 Nobis
3238 3841 3499 3911 expensa
3522 3820 3652 3882 fue-

2057 3949 2063 3962 ·
2100 3939 2167 3980 re
2193 3921 2259 3991 ia
2283 3921 2381 3980 cit:
2414 3921 2632 3980 dissert.
2663 3937 2951 3999 prosccra
2983 3901 3422 3998 Conqrcqalionc
3450 3914 3654 3976 Conci-

2103 4014 2172 4073 tii
2217 4023 2497 4081 exarata,
2527 4019 2711 4092 atque
2737 4013 2802 4072 in
2827 4008 3350 4091 nostraNotificat.
3399 4012 3498 4069 324.
3533 4056 3548 4078 ,
3592 4015 3654 4070 et

2099 4105 2394 4189 Notificat.
2431 4111 2529 4167 96.

2097 4296 2186 4357 De
2207 4292 2576 4374 obligatione
2600 4291 2886 4368 audiendi
2913 4290 3157 4354 Missam
3185 4289 3249 4351 in
3277 4289 3523 4369 propria
3543 4289 3650 4352 Pa-

2176 4387 2384 4450 rochia
2406 4432 2425 4461 ,
2453 4406 2672 4468 operae
2697 4385 2959 4466 pretium
2979 4386 3104 4451 erit
3130 4384 3231 4447 hic
3258 4383 3552 4468 subjicere
3569 4403 3647 4444 ex

2174 4482 2283 4551 lit).
2315 4486 2432 4556 211,
2486 4482 2562 4543 de
2591 4479 2837 4562 Synodo
2878 4479 3238 4557 Dioecesaua
3267 4476 3428 4557 Cap.
3486 4479 3577 4538 1-4.
3607 4492 3646 4540 a

2176 4587 2346 4636 num.
2379 4580 2439 4635 7.
2470 4574 2548 4637 ad
2583 4580 2678 4636 10.
3012 4607 3016 4612 -
3084 4572 3090 4579 ’
3623 4615 3626 4618 Α

2092 4766 2152 4844 7.
2209 4707 2422 4844 Quod
2450 4781 2594 4826 vero
2618 4760 2770 4822 alias
2795 4763 3019 4839 spectat
3040 4755 3311 4823 laudatas
3336 4743 3637 4818 Constitu·
3679 4782 3828 4839 »own
3848 4793 3962 4830 ιω..

3609 4849 3615 4860 ’
3675 4835 3825 4883 lsautur
3911 4845 3962 4886 ad

2091 4854 2280 4917 tiones
2303 4855 2646 4929 Mildenses,
2671 4859 2843 4916 vetus
2859 4851 3086 4932 pariter
3103 4850 3507 4913 controversia
3524 4857 3636 4924 est,
3672 4896 3841 4940 ma...
3920 4903 3970 4943 ὅ.

2054 4987 2059 4992 ⁴
2087 4945 2202 5011 sub
2230 4948 2416 5012 finem
2447 4947 2797 5030 pracsertim
2817 4946 2956 5008 XV.
2988 4943 3221 5008 Saeculi
3245 4990 3263 5018 ,
3295 4944 3361 5005 in
3385 4944 3634 5006 Germa-
3673 4947 3963 5003 dicimur-ss·

3672 5008 3916 5057 audiendam
3925 5073 3935 5083 ι

2084 5041 2690 5106 υἱι’ἰιι19ι·”Ρω-οοὴω
2699 5049 2762 5118 et
2781 5042 3022 5104 Fratres
3041 5037 3448 5103 mendicantes
3467 5058 3631 5100 sum-
3672 5064 3714 5107 in
3798 5083 3964 5128 W,

3669 5118 3850 5194 Ecclesia
3883 5132 3960 5174 r·-

2085 5156 2185 5224 ma
2204 5137 2586 5206 contentione
2611 5136 2860 5218 agitata,
2886 5155 3036 5206 num
3063 5133 3295 5195 Fideles
3318 5140 3632 5194 teneantur
3668 5180 3853 5229 mm·

2084 5229 2299 5292 diebus
2319 5229 2489 5292 festis
2514 5228 2845 5310 parochiali
2868 5228 3084 5290 Missae
3110 5226 3411 5288 interesse.
3440 5223 3631 5286 Causa

2082 5322 2284 5403 delata
2300 5332 2390 5386 est
2409 5324 2485 5392 ad
2507 5323 2746 5399 Sixtuin
2767 5323 2899 5395 tv„
2921 5321 3050 5402 qui,
3074 5318 3411 5388 rationibus
3433 5316 3628 5379 utrin-

2083 5436 2217 5500 que·
2242 5416 2515 5501 allegatis
2558 5416 2715 5483 serio
2758 5414 3031 5498 expensis
3053 5460 3071 5492 ,
3117 5411 3356 5477 tandem
3389 5408 3487 5472 die
3533 5413 3635 5478 17.
