4487 6316
1040 521 1146 576 ns

855 665 1075 728 calcem
1103 666 1284 748 hujus
1316 664 1618 748 Epistolae
1641 714 1660 741 ‚
1692 676 1762 731 nt
1789 670 2080 751 citiusque
2099 669 2399 751 judicium

855 760 1265 822 convincatur.
1314 762 1434 822 Nos
1482 762 1729 844 quidem
1765 764 2253 827 mechanicarum
2306 784 2402 826 re-

858 870 993 911 rum
1027 852 1218 934 ignari
1250 899 1265 924 ,
1298 854 1454 916 sedis
1479 855 1661 938 hujus
1686 902 1703 930 ‚
1740 857 1803 918 in
1838 877 1960 939 qua
1992 859 2201 920 setlens
2243 867 2402 920 stare

858 943 1195 1018 videbatur,
1223 937 1475 1009 examen
1493 947 1658 1011 haud
1677 950 2078 1011 instituemus:
2103 951 2169 1012 Id
2183 951 2403 1013 exinde

857 1038 1171 1101 deduxisse
1192 1041 1462 1116 sufficiet,
1490 1044 1745 1106 Paulum
1765 1046 1875 1106 111.
1904 1047 2194 1126 Episcopo
2221 1047 2400 1108 Pam-

860 1132 1165 1211 pelonensi
1207 1134 1547 1198 facultatem
1578 1138 1783 1200 fecisse
1819 1159 1922 1219 per
1965 1159 2205 1200 omnem
2253 1141 2398 1201 Mis-

858 1245 984 1286 sam
1011 1227 1292 1302 sedendi,
1324 1250 1400 1291 ne
1432 1231 1691 1294 Canoms
1715 1233 1960 1314 quidem
1989 1242 2049 1294 et
2079 1234 2401 1296 Consecra-

861 1319 1041 1381 tionis
1072 1330 1336 1404 tempore
1363 1335 1631 1406 excepte.

976 1415 1209 1479 XXIX.
1236 1418 1509 1482 Pontifex
1531 1421 1673 1482 Pius
1691 1423 1763 1483 V.
1793 1422 1989 1503 primo
2013 1423 2402 1485 Pontificatus

858 1508 950 1570 sui
986 1529 1147 1571 anno
1171 1557 1188 1584 ,
1231 1513 1546 1576 Francisco
1575 1516 1851 1578 Fert-erio
1894 1516 2198 1579 Cardinali
2238 1518 2398 1580 tituli

856 1603 919 1664 S.
958 1607 1199 1687 Agnetis
1217 1609 1297 1669 ob
1324 1610 1622 1691 podagrae
1637 1611 1945 1675 molestias
1971 1613 2184 1673 stando
2203 1613 2400 1674 Sacris

855 1701 1092 1779 operari
1123 1721 1240 1764 non
1273 1703 1492 1765 valenti
1524 1705 1762 1767 veniam
1790 1705 1949 1780 fecit,
1981 1716 2049 1767 ut
2071 1707 2133 1768 in
2163 1707 2399 1787 privata

859 1793 1140 1875 Cappella
1166 1797 1374 1859 sedens
1405 1799 1647 1861 Sacram
1677 1800 2013 1882 Liturgiam
2047 1810 2396 1882 perageretz

858 1889 979 1951 Nos
1004 1893 1293 1970 specialem
1319 1896 1566 1971 qratiam
1614 1896 1719 1955 tibi
1757 1895 1937 1972 facere
1962 1898 2207 1960 „tolentes
2231 1944 2246 1962 .
2287 1899 2400 1956 tuis

856 1988 921 2045 in
942 1985 1045 2047 hac
1061 1998 1224 2065 parte
1244 1990 1745 2068 supplicationibus
1764 1992 2053 2060 inclinati,
2074 1993 2402 2071 circumspe-

855 2083 1032 2140 ctioni
1058 2092 1208 2151 tuae,
1237 2092 1323 2151 ut,
1356 2086 1799 2163 quotiescumque
1826 2086 2125 2146 devotionis
2150 2088 2402 2163 qratiam

857 2173 1102 2236 Missam
1127 2177 1397 2238 celebrare
1428 2181 1687 2247 colueris,
1714 2181 1766 2238 si
1791 2200 1914 2240 eam
1937 2182 2165 2259 pedibus
2199 2182 2402 2242 stando

857 2271 925 2330 ob
950 2272 1099 2350 ipsas
1127 2273 1567 2352 indispositiones
1599 2276 1871 2338 catamode
1899 2278 2173 2336 celebrare
2202 2279 2400 2354 nequi-

858 2367 1024 2436 cen's,
1055 2369 1219 2427 illam
1247 2371 1476 2429 sedendo
1505 2372 1566 2428 in
1597 2366 1866 2431 Orator-io
1893 2372 2086 2430 domus
2115 2384 2242 2432 tuae
2262 2420 2275 2440 ,
2306 2393 2401 2433 seu

862 2458 1139 2541 Coppella
1167 2474 1265 2523 tua
1290 2467 1539 2542 privata,
1566 2483 1755 2527 coram
1784 2467 2193 2544 familiaribus,
2224 2478 2275 2526 et
2303 2468 2401 2526 do-

859 2556 1095 2615 mesticis
1120 2557 1230 2615 tuis
1252 2558 1580 2626 dumtaxat,
1610 2561 1695 2619 ita
1713 2570 1776 2619 ut
1801 2562 2005 2620 exinde
2026 2562 2212 2620 nultos
2236 2581 2400 2621 sran-

859 2648 1078 2718 dalum,
1107 2661 1208 2710 aut
1234 2647 1627 2729 offendiculum
1654 2670 1847 2731 capere
1886 2655 2079 2734 possit,
2122 2656 2273 2714 alias
2308 2666 2398 2715 ta-

858 2763 983 2802 men
1010 2746 1117 2804 rite
1142 2746 1415 2828 celebrare
1443 2746 1627 2804 valeas
1654 2793 1669 2815 ,
1715 2750 2050 2808 auctoritate
2076 2747 2123 2807 A
2130 2737 2398 2827 postolica

862 2847 1045 2896 tenore
1069 2839 1444 2916 praesentium
1467 2885 1483 2908 ‚
1515 2841 1799 2899 licentiam
1829 2842 2193 2911 concedimus,
2229 2855 2280 2902 et
2307 2846 2400 2920 sa-

862 2930 1147 2992 cultatem.
1176 2932 1552 2994 schediasma
1570 2934 2070 3016 Autbographum
2092 2937 2399 2999 firmatum

866 3041 1047 3085 manu
1077 3025 1571 3087 Reverendissimi
1594 3028 1860 3089 Caesaris
1889 3029 2171 3092 Glorierii
2201 3031 2398 3092 senio-

864 3118 948 3180 ris
972 3119 1251 3183 Brevium
1277 3121 1613 3195 secretarii,
1643 3121 1708 3184 in
1736 3123 2021 3185 Archivio
2049 3138 2274 3188 secreto
2304 3126 2398 3188 in-

862 3222 952 3276 ter
969 3214 1400 3297 diagrammata
1422 3219 1743 3301 archetypa
1765 3220 1826 3280 S.
1847 3220 1937 3281 Pii
1959 3222 2033 3281 V.
2056 3222 2200 3282 anni
2222 3227 2394 3285 1566.

865 3330 1033 3372 num.
1068 3316 1203 3393 572.
1228 3322 1586 3374 asservatur.
1621 3314 1748 3376 Hoc
1767 3334 2009 3396 quoque
2034 3319 2222 3378 Breve
2245 3319 2401 3380 inte-

862 3423 1039 3486 grum
1066 3404 1450 3503 subjiciemus
1475 3452 1491 3478 ,
1528 3414 1655 3468 tum
1684 3419 1752 3470 ut
1778 3409 1997 3489 cuique
2028 3411 2398 3484 innotescat,

864 3506 995 3559 tum
1017 3542 1035 3569 ,
1067 3505 1135 3558 ut
1162 3495 1420 3560 levitatis
1448 3500 1880 3562 convincantur
1910 3514 2236 3565 asserentes
2262 3550 2280 3577 ,
2312 3508 2399 3568 rei

864 3593 1197 3675 cujuspiam
1223 3594 1563 3674 exemplum
1593 3614 1714 3655 non
1742 3605 1969 3669 extare,
1999 3599 2162 3678 quod
2182 3600 2294 3679 ipsi
2326 3601 2402 3661 il-

867 3686 972 3748 lud
1000 3687 1297 3768 ignorent;
1319 3707 1395 3749 ex
1419 3707 1543 3768 quo
1570 3688 1639 3750 fit
1662 3735 1678 3761 ,
1717 3697 1785 3749 ut
1811 3735 1828 3763 ‚
1860 3690 2004 3752 dum
2052 3693 2263 3754 talium
2307 3714 2402 3756 as-

861 3781 1189 3843 sertionum
1229 3781 1484 3844 facilitas
1516 3783 1742 3845 laboris
1779 3786 2114 3848 molestiam
2150 3789 2215 3849 in
2254 3789 2406 3851 alios

866 3874 1168 3949 transfert,
1198 3876 1343 3957 ipsis
1362 3897 1551 3958 grave
1581 3879 1833 3952 accidat,
1867 3881 1915 3941 si
1956 3901 2114 3963 quae
2151 3883 2407 3947 existere

865 3980 1246 4052 negaverant,
1279 3971 1339 4031 in
1375 3971 1567 4034 lucem
1596 3976 2051 4054 protrahantur.

1443 4161 1841 4224 NARRATIO

870 4348 1169 4415 raetorum
1216 4349 1535 4427 Romanum
1586 4349 1913 4432 Pontificem
1956 4354 2361 4431 attinyeatium
2390 4399 2405 4422 ,

950 4463 1188 4521 quorum
1222 4446 1427 4505 notitia
1455 4446 1765 4506 necessaria
1802 4446 2024 4506 uidetur
2069 4455 2412 4526 prementem

949 4541 1322 4616 quaestionem
1346 4539 1751 4617 dijudicatio-o.

994 4724 1194 4786 XXX.
1227 4723 1677 4807 supervacanea
1703 4724 1894 4787 videri
1923 4734 2224 4807 poterunt,
2255 4745 2412 4807 quae

876 4817 1150 4899 deinceps
1181 4818 1244 4879 in
1279 4820 1539 4881 medium
1584 4819 1810 4881 erimus
1838 4820 2124 4894 allaturi;
2159 4820 2412 4883 sienim

878 4912 1160 4975 Summus
1182 4914 1458 4976 Pontifex
1479 4913 1615 4976 aliis
1635 4914 2059 4995 impedimento
2086 4915 2412 4977 laboranti·

879 5006 993 5068 bus
1019 5005 1360 5069 facultatem
1379 5007 1669 5089 elargitur
1688 5007 1931 5070 Missam
1957 5006 2299 5071 celebrandi
2319 5027 2412 5069 se-

878 5101 1094 5176 dendo,
1125 5101 1413 5166 mirarine
1430 5102 1680 5177 subibit,
1709 5102 1759 5164 si
1789 5103 1998 5165 eadem
2018 5123 2094 5165 ex
2118 5121 2297 5165 causa
2320 5121 2417 5165 ea-

881 5196 1018 5260 dem
1039 5196 1166 5278 ipse
1190 5207 1396 5259 utatur
1420 5196 1793 5258 oeconomiat
1822 5197 1901 5258 At
1920 5215 2064 5257 vero
2085 5194 2415 5258 universim

882 5290 1182 5375 loquendo
1199 5313 1320 5356 non
1343 5291 1582 5353 videtur
1603 5289 1950 5353 pontificiae
1976 5289 2257 5373 dignitati
2281 5310 2420 5352 con·

884 5388 1093 5449 venire
1131 5388 1305 5469 usus}
1325 5384 1766 5466 licentiaelaliis
1789 5404 2115 5447 concessae.
2151 5384 2312 5446 Hinc
2350 5394 2418 5446 ut

883 5479 1253 5560 dispiciatur,
1285 5501 1363 5544 an
1398 5480 1676 5542 indecens
1696 5479 1785 5540 sit‘
1804 5498 1839 5540 a
1871 5478 2420 5540 Pontificesedente

1856 523 1943 577 Μ
1982 523 2465 580 smnosmc'ro
2503 524 2716 578 MISSAE
2755 524 3132 581 SACtttFtctm

2509 668 2750 730 Missam
2801 669 3094 732 celebrari
3123 716 3140 740 ,
3171 667 3652 748 disquitendum
3681 714 3698 742 ‚
3747 666 4057 730 fuerintne

2508 764 2844 836 Pontifices,
2870 765 2974 845 qui
2990 785 3234 826 omnem
3255 763 3468 826 Missae
3486 763 3949 826 celebrationem
3967 783 4055 823 se-

2507 858 2711 920 dentes
2736 859 3109 939 perfecerint.
3141 860 3317 921 Haud
3342 859 3622 938 equidem
3642 858 3840 939 magni
3867 858 4052 918 Nobis

2508 952 2838 1014 moliminis
2866 953 3010 1015 baec.
3038 972 3132 1014 res
3157 962 3244 1015 est
3270 999 3286 1026 ,
3322 973 3459 1013 cum
3487 951 3824 1013 concessuri
3858 952 4057 1012 bonae

2508 1049 2833 1109 memoriae
2857 1047 3161 1109 Cardinali
3193 1049 3267 1108 de
3306 1048 3516 1110 Roban
3564 1047 3829 1127 podagra
3861 1044 4053 1125 impe-

2505 1141 2631 1203 dito
2663 1140 2962 1204 licentiam
2991 1140 3331 1203 celebrandi
3367 1142 3608 1203 Missam
3655 1141 3916 1214 sedendo
3943 1160 4050 1201 ex-

2504 1244 2674 1315 cepto
2701 1236 2942 1297 Canone
2968 1281 2984 1308 ‚
3013 1245 3073 1297 et
3116 1237 3571 1298 consecratione
3597 1281 3615 1310 ,
3650 1235 3855 1297 omnia
3882 1235 3957 1296 ad
3986 1234 4050 1295 id

2506 1341 2927 1411 argumentum
2952 1331 3231 1394 facientia
3252 1332 3504 1394 sollicite
3522 1330 4046 1411 conquisierimus.

2506 1422 2712 1503 Neque
2734 1426 2861 1506 jam
2884 1424 2992 1487 illa
3010 1444 3331 1504 congerere
3355 1425 3712 1496 valeremus,
3739 1431 3867 1484 tum
3895 1420 4049 1484 senii

2504 1536 2688 1578 onere
2712 1518 2969 1599 gravati,
2991 1527 3051 1579 et
3069 1520 3148 1581 ab
3169 1519 3565 1600 aegritudinis
3587 1516 3873 1579 molestiis
3896 1535 4051 1576 non·

2503 1610 2648 1671 dum
2678 1611 2852 1691 plene
2885 1612 3060 1674 liberi
3090 1634 3107 1684 ς
3154 1621 3283 1673 tum
3317 1631 3464 1672 vero
3491 1611 3751 1673 maxime
3780 1616 4054 1672 carentes

2505 1704 2680 1767 libris
2721 1707 2907 1767 Nobis
2945 1707 3123 1787 longo
3165 1727 3273 1768 usu
3321 1707 3647 1767 notissimis
3670 1752 3688 1779 ,
3723 1724 3877 1786 quos
3909 1722 4054 1765 cum

2504 1800 2667 1862 omni
2698 1812 2900 1863 nostra
2929 1801 3298 1864 Bibliotheca
3326 1801 3540 1862 selecta
3565 1799 3840 1862 lnstituto
3863 1800 4057 1859 Bono-

2503 1894 2697 1956 niensi
2727 1896 3023 1956 dedimus:
3052 1905 3281 1976 quanto
3302 1914 3447 1957 vero
3465 1905 3525 1957 et
3546 1895 3791 1968 laboris,
3823 1901 3882 1955 et
3910 1903 4055 1955 tem-

2505 1989 2697 2069 poris,
2729 1991 2900 2071 cujus
2930 1991 3180 2070 penuria
3209 1991 3577 2063 laboramus,
3610 1988 3915 2070 impendio
3940 1987 4051 2049 illa

2506 2082 2797 2156 inlibris,
2822 2085 3046 2163 quibus
3069 2085 3322 2146 necdum
3348 2085 3750 2156 assuevimus,
3777 2083 4055 2164 inquire-

2506 2180 2737 2238 remus?

2576 2279 2588 2298 ¹
2625 2272 2857 2333 xxxt.
2891 2274 3197 2335 Honorius
3217 2274 3323 2335 IV.
3354 2293 3516 2335 anno
3541 2278 3713 2334 1285.
3750 2272 3814 2332 in
3843 2271 4054 2332 Ponti-

2505 2364 2676 2427 ficem
2704 2368 2944 2428 electus.
2981 2368 3276 2429 Diamnns
3300 2378 3465 2440 erat,
3493 2368 3704 2448 utique
3733 2366 4049 2447 Presbyte-

2506 2461 2621 2534 rio‚
2647 2472 2705 2523 et
2729 2462 3080 2542 Episcopatu
3107 2464 3370 2543 primum
3394 2461 3827 2543 insigniendus
3852 2460 4056 2522 Histo-

2507 2555 2812 2637 riographi
2848 2556 3215 2617 intirmitatis
3241 2557 3452 2618 habitu
3486 2556 3788 2617 adfectum
3825 2562 4047 2616 testan-

2506 2657 2650 2711 tur:
2681 2651 2979 2712 Martinus
3025 2670 3063 2711 e
3109 2651 3413 2730 Minorum
3459 2659 3631 2713 coetu
3673 2650 3736 2710 in
3792 2647 4053 2709 Fun-ibus

2511 2744 2861 2825 Temporum,
2890 2747 3150 2807 Joannes
3175 2746 3608 2816 Vitoduranus,
3639 2744 3909 2806 Andreas
3931 2745 4049 2805 Ra-

2506 2839 2863 2901 tisbonensis
2888 2886 2905 2911 ,
2954 2850 3014 2901 et
3055 2841 3440 2901 Hermannus
3479 2840 3779 2902 Cornerus
3819 2838 3882 2898 in
3927 2838 4056 2898 suis

2504 2933 2836 3007 Chronicis‚
2867 2935 3028 3015 apud
3049 2937 3222 2997 Joan.
3250 2935 3467 3016 Georg.
3494 2935 3826 2997 Eccardum
3854 2935 4057 2993 incor-

2502 3047 2634 3106 pore
2667 3028 2950 3089 Historico
2973 3030 3142 3088 medii
3166 3032 3291 3090 aeci
3313 3041 3444 3089 tom.
3478 3035 3530 3089 1.
3556 3048 3687 3108 paq.
3718 3031 3890 3088 1631.
3914 3046 4048 3105 paq.

2509 3128 2681 3184 1758.
2712 3144 2842 3204 paq.
2877 3128 3052 3185 2088.
3085 3135 3137 3185 et
3160 3136 3289 3184 tom.
3313 3129 3371 3185 2.
3409 3144 3540 3205 paq.
3570 3129 3706 3185 936.
3737 3122 4054 3184 Affirmant

2504 3219 2610 3280 alii
2640 3220 2977 3281 Honorium
3005 3241 3073 3282 ea
3105 3221 3322 3301 pedum
3357 3220 3668 3281 debilitate.
3695 3218 3999 3279 laborasse
4027 3262 4047 3287 ,

2506 3324 2571 3376 ut
2619 3316 2937 3395 nequidem
2983 3316 3257 3377 incedere
3303 3315 3566 3395 potuerit
3592 3335 3608 3375 ε
3657 3312 4056 3375 Riccobaldus

2507 3410 2906 3472 Ferrariensis
2931 3414 2992 3469 in
3023 3411 3286 3471 Historia
3303 3410 3686 3470 Romanorum
3711 3408 4054 3489 Pontificum

2506 3506 2582 3569 ad
2608 3525 2822 3566 annum
2853 3510 3024 3565 1285.
3058 3508 3122 3564 in
3154 3516 3283 3564 tom.
3324 3510 3382 3564 9.
3420 3504 3632 3564 Rerum
3657 3501 3798 3563 Ital.
3825 3501 4043 3581 Script.

2501 3614 2637 3679 paq.
2679 3604 2809 3659 182.
2844 3598 2986 3669 Alii,
3017 3618 3087 3658 ea
3116 3597 3468 3679 chyi-agrae,
3504 3596 3922 3676 podagraeque
3943 3614 4046 3656 ve-

2506 3691 2816 3761 hementia
2837 3691 3235 3753 afflictabatur
3259 3735 3275 3763 ‚
3309 3698 3379 3751 ut
3405 3690 3662 3771 digitum
3685 3689 3884 3770 digito
3906 3689 4052 3770 jun-

2509 3805 2649 3868 gere
2681 3786 2995 3866 nequiret,
3026 3792 3173 3847 teste
3200 3784 3533 3847 Muratorio
3569 3782 3897 3847 Annalium
3934 3785 4054 3845 Ita·

2515 3877 2632 3941 liae
2663 3890 2794 3939 tom.
2828 3884 2886 3939 7.
2918 3899 3047 3959 paq.
3081 3883 3217 3941 466.
3253 3877 3496 3940 Missam
3522 3878 3654 3940 sine
3684 3878 4053 3941 instrumen-

2513 3981 2716 4035 torum
2741 3975 3141 4055 quorumdam
3166 3973 3534 4036 adminiculo
3562 3972 3871 4034 celebrare
3891 3971 4055 4034 baud

2514 4067 2772 4130 valebat.
2813 4068 3189 4130 Ptolomaeus
3226 4067 3509 4139 Lucensis
3542 4068 3644 4127 lib.
3690 4071 3790 4127 24.
3825 4066 4051 4127 Hister.

2514 4161 2731 4223 Eccles.
2760 4183 2884 4243 cap.
2922 4168 3013 4223 13.
3053 4165 3116 4222 in
3158 4174 3289 4222 tom.
3344 4167 3437 4224 11.
3486 4162 3622 4222 Ber.
3669 4160 3807 4223 Ital.
3858 4160 4051 4241 Sci-ip.

2507 4276 2643 4337 pay.
2680 4261 2850 4317 1191.
2876 4255 3203 4318 Rainaldus
3224 4257 3300 4316 ad
3319 4275 3536 4317 annum
3562 4260 3733 4317 1285.
3760 4275 3920 4315 num.
3955 4258 4050 4314 14.

2517 4350 2815 4434 Fleuryus
2847 4363 2976 4411 tom.
3009 4356 3108 4412 28.
3147 4350 3303 4410 Hist.
3337 4350 3553 4411 Eccles.
3584 4369 3716 4429 paq.
3749 4353 3884 4410 371.
3911 4358 3960 4409 et
3989 4350 4053 4407 ia

2513 4447 2633 4505 vita
2658 4445 2897 4522 ejusdem
2922 4443 3238 4524 Pontificis,
3272 4442 3619 4504 Ciacconius
3653 4453 3784 4502 mm.
3816 4446 3876 4502 2.
3918 4461 4052 4522 paq.

2516 4542 2653 4599 247.
2687 4538 2926 4610 Burius,
2963 4537 3180 4619 Pagius
3201 4549 3332 4597 tom.
3367 4543 3426 4598 3.
3454 4557 3587 4618 paq.
3616 4541 3752 4597 455.
3777 4555 3938 4595 aum.
3967 4539 4056 4603 3.,

2517 4632 2739 4693 Auctor
2770 4631 2931 4693 vitae
2961 4629 3318 4692 Pontificum
3351 4631 3557 4712 flagae
3594 4628 3891 4692 Comitum
3926 4627 4056 4688 edi-

2458 4739 2468 4767 ·
2514 4732 2612 4787 tae
2640 4736 2770 4785 tom.
2804 4730 2860 4786 3.
2893 4746 3026 4805 paq.
3060 4729 3198 4787 289.
3233 4726 3421 4787 Porro
3448 4726 3886 4795 Instrumenta,
3915 4720 4055 4802 qui-

2516 4817 2630 4879 bus
2655 4818 2729 4880 ad
2763 4817 3186 4898 perficiendam
3228 4818 3688 4880 celebrationem
3728 4816 4012 4879 utebatur
4036 4860 4056 4887 ‚

2516 4911 2799 4973 describit
2821 4911 2888 4972 P.
2913 4911 3262 4972 Franciscus
3288 4910 3538 4992 Pipinus
3558 4930 3634 4972 ex
3655 4909 3885 4971 Ordine
3905 4909 4060 4970 Prte-

2518 5004 2853 5068 di‘catorum
2882 5008 2946 5064 ia
2975 5002 3256 5066 Chronica
3290 5007 3388 5065 lib.
3426 5007 3486 5064 4.
3523 5024 3647 5084 cap.
3683 5007 3784 5064 22.
3819 5001 4062 5062 Pedibus

2518 5111 2642 5162 erat
2667 5102 2752 5161 ita
2781 5110 3061 5179 aeqrotus,
3090 5111 3156 5160 ut
3183 5120 3280 5160 aec
3308 5100 3621 5168 ambulare,
3645 5119 3742 5158 nec
3768 5108 3917 5158 stare
3941 5114 4062 5176 pos-

2518 5203 2620 5253 set:
2649 5212 2850 5254 manus
2876 5203 3066 5254 autem
3092 5195 3173 5254 sic
3193 5203 3507 5254 contractas
3530 5192 3784 5261 habebat,
3811 5200 3877 5251 ut
3908 5190 4060 5266 tityi-

2524 5297 2627 5358 tos,
2655 5288 2896 5368 exceptis
2917 5287 3236 5368 poilicibus,
3265 5307 3445 5347 unum
3464 5287 3540 5347 ad
3564 5287 3808 5371 altumve
3825 5286 4062 5363 juncera

2522 5401 2637 5442 aon
2649 5391 2852 5463 posset,-
2882 5383 3051 5442 immo
3076 5383 3243 5443 etiam
3262 5401 3430 5443 cante
3455 5390 3958 5462 superexcrescente
3979 5378 4061 5450 [e-

2516 5497 2579 5537 rs
2611 5496 2759 5537 uam
2802 5478 2875 5537 ab
2904 5479 3086 5538 altero
3108 5480 3316 5537 secu-ni
3343 5496 3456 5536 aon
3481 5486 3722 5556 poterat.
3775 5473 3894 5543 Et,
3935 5492 4063 5533 eum
