4487 6316
1639 527 1866 584 tlt-:nou
1903 520 2328 584 montanum

3356 518 3461 570 ⁴88

463 679 738 746 Heridas,
788 697 877 733 seu
919 674 1259 746 Margaritae
1299 685 1515 739 vocant,
1561 674 1907 740 dividuntur,
1953 685 2005 728 et
2047 667 2054 728 i
2104 671 2332 738 Quidam
2373 668 2487 722 sine
2529 670 2634 721 ulla
2673 669 2910 723 facultate
2953 668 3166 738 triginta
3201 668 3392 719 Missas
3437 666 3642 733 ineptas

458 772 725 837 Sanguine
765 770 992 830 tinctae,
1031 777 1079 820 et
1122 772 1241 835 igne
1278 767 1562 819 exsiccante
1606 781 1701 833 per
1737 763 1999 832 integrum

462 877 656 910 annum
688 877 785 928 pro
815 857 1051 911 Infirmis
1078 863 1481 917 conservantur,
1509 852 1583 905 ib.

571 949 814 1009 Graecis,
847 956 897 998 et
922 943 1306 997 Albanensibus
1344 943 1658 1011 permissum
1685 949 1782 1006 est,
1811 950 1868 991 ut
1892 938 2000 992 ‹lie-

462 1036 580 1099 hus,
611 1036 805 1104 quibus
834 1034 1049 1087 nonnisi
1078 1030 1650 1086 Praesanctificatorum
1680 1031 1840 1080 Missa
1861 1027 1996 1094 apud

456 1125 603 1192 ipsos
631 1122 952 1187 celebratur,
983 1122 1223 1188 possint,
1252 1129 1456 1170 servato
1485 1117 1541 1168 in
1567 1116 1820 1168 Ecclesiis
1842 1116 2002 1167 Paro-

455 1211 715 1264 chialibus
760 1211 947 1263 eodem
976 1208 1560 1262 ·Praesanctiflcatorum
1603 1205 1745 1269 ritu,
1787 1203 1840 1253 in
1872 1201 1998 1253 aliis

455 1300 732 1359 Ecclesiis,
756 1316 845 1350 seu
873 1297 1142 1365 Cappellis
1171 1297 1425 1362 integram
1453 1291 1683 1344 Missam
1703 1289 1997 1351 celebrare,

456 1386 705 1453 Append.
735 1388 786 1437 8.
827 1385 895 1437 de
925 1388 1280 1438 Sacramenta
1306 1400 1356 1432 n.
1389 1384 1473 1433 18.
1502 1379 1694 1433 Altaria
1732 1378 1998 1447 portatilia

459 1473 522 1524 ab
562 1474 845 1542 Episcopis
886 1473 1090 1524 Latinis
1128 1478 1426 1523 consecrata
1467 1470 1705 1535 accipere
1740 1472 1999 1533 possunt,

453 1562 796 1630 Corporalia,
828 1571 880 1612 ut
903 1561 1111 1617 Latini.
1140 1559 1330 1611 habere
1358 1556 1582 1619 debent,
1610 1556 1713 1606 nisi
1744 1557 1999 1607 antimen·

451 1648 547 1698 siis
575 1648 683 1699 sive
712 1648 913 1701 Tronis
949 1663 1097 1698 more
1124 1663 1223 1696 suo
1252 1645 1325 1696 uti
1354 1645 1554 1706 velint,
1582 1660 1634 1692 n.
1668 1643 1755 1693 18.

567 1734 798 1797 Graecis,
828 1742 879 1784 et
904 1731 1289 1783 Albanensibus
1318 1730 1635 1799 permissum
1665 1737 1771 1794 est,
1801 1735 1856 1778 ut
1884 1728 1993 1796 plu·

453 1820 752 1883 raAlt'aria,
778 1840 868 1872 seu
896 1822 1173 1888 Cappellas
1202 1819 1255 1869 in
1296 1817 1406 1870 suis
1443 1818 1693 1870 Ecclesiis
1734 1816 1953 1868 bab‘eant
1976 1855 1992 1879 ,

453 1908 700 1978 Append.
732 1911 764 1959 3
810 1908 859 1982 ς.
888 1908 956 1960 de
982 1910 1334 1960 sacramento
1362 1924 1413 1957 n.
1442 1907 1493 1958 9.
1520 1904 1723 1964 Eodem
1752 1905 1991 1968 Praelati,

448 1996 681 2048 Parochi.
700 1999 749 2047 et
777 1996 1071 2064 Presbyteri
1102 2004 1204 2045 tam
1236 1995 1556 2057 saeculares,
1593 2009 1749 2062 quam
1779 1994 1991 2058 Regula·

450 2100 561 2145 res,
589 2092 642 2134 et
666 2084 808 2134 Laici
838 2083 979 2134 inter
1016 2083 1236 2134 Latinos
1263 2081 1515 2148 degentes
1543 2081 1651 2131 suis
1678 2078 1872 2131 ritibus
1913 2081 2009 2130 uti*

446 2179 670 2236 possunt
694 2207 708 2231 ,
747 2168 1044 2221 dummodo
1071 2187 1158 2235 ea,
1197 2186 1331 2239 quae
1356 2169 1496 2237 juxta
1536 2169 1720 2220 Sacros
1745 2167 1987 2230 Canones

444 2258 701 2318 siueullo
727 2253 1075 2310 Personarum
1103 2294 1117 2319 ,
1146 2275 1204 2309 ac
1232 2259 1427 2308 rituum
1453 2255 1762 2307 discrimine
1784 2270 1987 2305 servan·

443 2343 509 2394 da
541 2353 680 2406 sunt,
711 2346 811 2411 ipsi
834 2363 1049 2413 quoque
1075 2343 1394 2409 custodiant,
1423 2352 1475 2395 et
1498 2359 1751 2412 quaenam
1772 2359 1831 2393 ea
1856 2340 1982 2409 siut,

444 2431 693 2501 Append.
721 2434 772 2483 8.
799 2433 847 2505 §
886 2431 1156 2498 Quoniam
1185 2445 1237 2484 ee
1256 2449 1402 2499 seqq.

556 2521 777 2572 Romani
822 2520 1124 2582 Pontificis,
1163 2530 1214 2572 et
1251 2519 1525 2572 ordinarii
1571 2518 1709 2582 loci,
1749 2534 1857 2568 non
1895 2517 1987 2568 Pa-

440 2608 816 2671 triarcbarum,
846 2626 1018 2676 neque
1043 2608 1349 2661 Antistitum
1389 2607 1736 2660 Orientalium
1767 2605 1820 2656 in
1861 2605 1986 2657 Mis·

438 2697 541 2758 sis,
569 2704 620 2747 et
646 2694 844 2746 «livinis
872 2696 1081 2748 Officiis
1110 2696 1677 2747 commemorationem
1709 2694 1874 2745 facere
1900 2692 1988 2746 de-

2103 748 2443 826 composuit,
2482 765 2534 810 et
2558 776 2585 807 a
2615 758 2667 810 S.
2697 757 2960 826 Gregorio
2988 756 3296 826 appellavit,
3338 771 3468 824 quas
3495 754 3648 805 Sacra

2102 847 2311 898 Rituum
2344 845 2697 913 congregatio
2737 846 3041 913 probibuit,
3082 860 3193 895 non
3234 853 3408 896 tamen
3448 841 3644 901 vetuit,

2101 950 2168 984 ne
2189 935 2400 1001 triginta
2425 935 2618 985 Missae
2637 932 2824 985 diebus
2846 934 3057 1002 triginta
3076 933 3346 984 continuis
3370 933 3510 999 juxta
3534 946 3644 979 mo·

2098 1040 2207 1074 rem
2235 1025 2261 1071 a
2284 1024 2317 1074 S
2363 1022 2621 1090 Gregorio
2651 1021 2921 1073 inductum
2952 1038 3051 1089 pro
3095 1020 3368 1074 Defunctis
3416 1015 3643 1070 celebra·

2099 1118 2308 1171 rentur,
2339 1111 2374 1160 1.
2404 1110 2456 1161 3.
2488 1127 2605 1174 cap.
2639 1108 2724 1159 23.
2756 1126 2900 1160 num.
2931 1110 2982 1159 8.
3037 1106 3042 1112 ’

2205 1199 2257 1249 S.
2284 1198 2571 1265 Gregorius
2592 1198 2706 1249 vu.
2740 1205 2900 1249 nocte
2921 1195 3218 1250 Nativitatis
3236 1192 3455 1247 Domini
3479 1193 3532 1243 in
3551 1192 3644 1242 Ba-

2099 1284 2246 1335 silica
2276 1283 2559 1337 Liberiana
2595 1283 2866 1337 celebra'ns
2893 1303 2921 1336 a
2960 1284 3150 1341 Cincio
3180 1283 3335 1336 Urbis
3373 1278 3641 1333 Praefecto

2097 1374 2321 1437 graviter
2347 1388 2626 1440 percussus
2654 1371 2773 1436 fuit,
2802 1389 2975 1442 neque
3003 1381 3174 1424 tamen
3203 1370 3266 1422 ab
3293 1368 3453 1422 Alteri
3481 1383 3645 1420 reces-

2097 1459 2201 1522 sit,
2230 1459 2266 1510 1.
2291 1459 2341 1510 8.
2375 1476 2419 1510 ο.
2449 1460 2499 1510 ὀ.
2520 1476 2556 1510 n
2606 1459 2687 1512 18.

2768 1584 2935 1637 Gutta
2962 1622 2974 1634 .

2203 1722 2391 1776 Guttae
2414 1724 2523 1775 vini
2549 1761 2568 1788 ,
2593 1742 2726 1794 quae
2744 1723 3069 1776 extrinsecus
3094 1739 3297 1791 cuppae
3330 1719 3492 1776 Calici
3520 1718 3640 1770 bae·

2096 1817 2269 1862 rentes
2310 1819 2432 1878 post
2459 1810 2884 1878 purificationem
2918 1809 3378 1878 deprehendantur
3399 1844 3414 1871 ,
3450 1805 3643 1857 haben-

2092 1896 2188 1950 dae
2214 1906 2333 1949 sunt
2363 1907 2606 1968 tanquam
2648 1915 2757 1950 non
2786 1906 3119 1954 consecratae
3140 1934 3156 1962 ,
3196 1905 3243 1949 et
3274 1893 3639 1966 purificatorio

2092 1983 2497 2051 abstergendae,
2539 1986 2582 2039 si
2612 1987 2961 2050 intrinsecus,
3001 1984 3335 2055 probabilius
3374 1992 3640 2052 tamqnam

2090 2083 2422 2125 consecratae
2444 2074 2873 2127 considerandae
2894 2083 3035 2137 sunt,
3052 2082 3219 2142 etper
3238 2070 3519 2124 secundam
3545 2087 3643 2139 pu·

2090 2158 2442 2211 rificationem
2472 2161 2852 2225 assumendae,
2880 2162 2911 2212 1.
2941 2160 2991 2212 ³.
3021 2155 3066 2213 c.
3099 2163 3180 2212 17.
3215 2177 3265 2210 n.
3292 2157 3346 2211 7.

2838 2341 2878 2391 H

2730 2489 2988 2568 Hebraei.

2084 2639 2360 2743 Hebraei
2389 2693 2520 2744 olim
2560 2691 2646 2745 die
2673 2691 2882 2744 Sabbati
2912 2699 3200 2745 conventus
3247 2707 3372 2743 suos
3424 2710 3451 2741 a
3487 2694 3634 2760 Moy·

437 2782 601 2845 bent,
640 2791 692 2834 et
726 2782 813 2832 uhi
846 2782 1048 2834 Graeco
1086 2783 1366 2866 C'atholico
1408 2780 1640 2834 Antistiti
1677 2793 1739 2832 ex
1776 2780 1985 2832 licentia
2084 2781 2188 2844 sis,
2224 2788 2278 2832 et
2300 2779 2680 2849 Prophetarum
2710 2781 2937 2833 lectione
2963 2778 3318 2843 inchoabant,
3348 2780 3384 2834 1.
3410 2777 3463 2831 2.
3503 2795 3549 2831 c.
3577 2779 3631 2833 B.

431 2871 586 2921 Sedis
638 2870 1010 2937 Apostolicae,
1054 2872 1138 2923 vel
1183 2870 1455 2924 ordinarii
1507 2870 1612 2921 toci
1658 2869 1986 2921 Pontificalia
2084 2885 2138 2922 n.
2166 2870 2218 2920 9.

435 2975 677 3009 exercere
721 2958 1075 3024 permittitur,
1121 2960 1236 3025 ejus
1282 2975 1478 3010 nomen
1527 2965 1648 3024 post
1689 2956 1982 3012 Romanum

430 3045 741 3096 Pontificem
763 3081 777 3105 ,
807 3054 853 3095 et
886 3044 1230 3096 ordinarium
1264 3045 1365 3097 loci
1396 3060 1813 3096 commemorare
1841 3043 1982 3106 licet,

439 3130 687 3198 Append.
719 3130 770 3182 3.
804 3141 929 3199 post
954 3130 1001 3205 fi
1040 3133 1090 3183 9.
1133 3149 1186 3183 n.
1216 3132 1267 3184 k.
1307 3133 1427 3186 Non
1457 3140 1627 3184 tamen
1660 3130 1714 3180 in
1752 3128 1982 3181 Ecclesia

432 3223 763 3283 Latinorum,
796 3221 1100 3272 inconsulto
1125 3222 1416 3287 Episcopo,
1444 3221 1525 3271 cui
1556 3220 1674 3271 illae
1694 3216 1980 3285 subjiciun-

434 3316 547 3369 tur,
582 3308 795 3367 Missas,
838 3316 889 3359 et
916 3307 1099 3358 divina
1120 3307 1317 3360 Officia
1344 3324 1464 3358 cum
1491 3305 1823 3359 solemnitate
1848 3306 1981 3357 cele-

425 3394 611 3458 brent,
641 3412 694 3446 n.
723 3396 774 3456 β.
805 3397 868 3447 V.
898 3394 1281 3447 Eucharistia.

1051 3590 1055 3594 .
1100 3519 1311 3572 Gratia.

539 3658 716 3709 Gratia
744 3658 815 3708 ad·
837 3660 1057 3710 salutem
1099 3660 1387 3711 neccssaria
1413 3676 1521 3710 non
1563 3657 1869 3710 fraudantur
1895 3657 1970 3721 ii',

427 3748 518 3814 qui
548 3744 924 3796 Eucharistiam
959 3744 1056 3796 sub
1096 3763 1195 3795 una
1225 3756 1423 3799 tantum
1466 3747 1640 3816 specie
1670 3746 1933 3815 recipiunt
1954 3782 1969 3809 ,

425 3836 459 3884 Ι.
491 3834 542 3884 2.
572 3849 620 3884 c.
647 3832 736 3883 22.
764 3849 814 3881 n.
850 3833 933 3883 18.
964 3843 1017 3882 et
1041 3849 1093 3882 n.
1122 3832 1209 3885 29.
1239 3845 1292 3885 et
1318 3834 1403 3885 ³0.

1040 3955 1337 4009 Gratianus
1362 3996 1373 4009 .

532 4094 767 4147 Gratiani
790 4095 1069 4147 Decretum
1090 4080 1363 4146 Bononiae
1390 4096 1770 4164 compositum,
1792 4099 1964 4149 statim

421 4184 674 4243 Scholae,
713 4183 947 4251 antiquis
971 4183 1248 4234 Cauonum
1287 4183 1710 4236 collectionibus
1740 4186 1966 4251 relictis,

421 4268 800 4339 exponendum
829 4278 1188 4339 susceperunt.
1208 4271 1392 4322 Multis
1419 4272 1691 4323 erroribus
1720 4274 1964 4341 scatebat,

418 4362 511 4430 qui
541 4358 763 4411 correcti
796 4366 936 4423 sunt,
957 4368 1082 4427 pose
1105 4356 1351 4427 Append.
1387 4358 1469 4410 1³.
1499 4357 1555 4410 in
1584 4357 1831 4426 Praesae.
1862 4362 1968 4414 Be·

423 4447 545 4501 ned.
573 4449 732 4501 XIV.
761 4462 815 4497 a.
842 4446 894 4497 7.
1470 4492 1473 4497 .

527 4536 692 4602 Hujus
735 4532 941 4586 Decreti
988 4540 1156 4586 textus
1202 4550 1314 4586 eam
1365 4532 1721 4585 auctoritatem
1773 4533 1968 4587 habent

417 4640 576 4692 quam
603 4621 882 4684 Auctores,
921 4638 952 4673 e
978 4620 1175 4690 quibus
1201 4608 1467 4691 desumpti
1497 4630 1617 4672 sunt
1640 4659 1654 4685 ,
1696 4623 1728 4672 1.
1758 4624 1806 4673 3.
1831 4639 1880 4674 ·c.
1912 4625 1964 4675 8.

416 4728 472 4762 η.
498 4712 555 4763 ’1.

982 4812 1033 4863 S.
1079 4811 1371 4881 Gregorius
1395 4850 1408 4864 .

529 4975 581 5023 S.
623 4973 867 5038 Gregorii
908 4975 979 5025 Μ.
1020 4974 1164 5039 iussu
1202 4972 1417 5041 quidam
1446 4974 1738 5025 Monachus
1775 4973 1964 5026 diebus

417 5062 636 5124 triginta
678 5061 950 5125 continuis
994 5062 1208 5112 Missam
1259 5077 1356 5127 pro
1400 5060 1666 5113 Monacbo
1702 5062 1963 5115 Defuncto

413 5146 698 5201 celebravit
721 5184 736 5208 ,
762 5148 958 5216 quibus
988 5149 1272 5215 completis
1305 5148 1551 5200 Defuncti
1586 5151 1760 5200 anima
1786 5167 1815 5201 e
1837 5150 1965 5202 Pur·

2165 2954 2410 3007 *Hebraei
2453 2963 2575 3024 post
2614 2954 2895 3006 lectionem
2937 2956 3123 3024 Legis,
3160 2964 3212 3008 et
3247 2952 3628 3022 Prophetarum

2096 3059 2397 3096 sermonem
2429 3042 2491 3093 ad
2519 3045 2782 3112 Populum
2812 3042 3108 3106 habebant,
3137 3045 3174 3094 1.
3199 3043 3250 3094 2.
3281 3059 3325 3094 e.
3354 3045 3407 3095 7.
3434 3059 3488 3093 n.
3512 3041 3565 3095 7.

2192 3130 2492 3184 Macbabaei
2514 3132 2568 3182 in
2601 3129 2799 3201 praelio
2822 3131 3009 3195 occisi,
3034 3139 3223 3184 etcum
3253 3130 3492 3185 donariis
3511 3129 3635 3185 Ido-

2088 3220 2264 3271 lorum
2295 3219 2525 3283 inventi,
2565 3228 2833 3288 peccatum
2863 3219 3133 3271 dumtaxat
3158 3220 3362 3273 veniale
3385 3220 3629 3273 avaritiae

2083 3308 2506 3371 commiserunt,
2544 3315 2597 3360 et
2632 3324 2826 3376 quarez
2867 3306 3107 3375 adeoque
3133 3323 3230 3375 pro
3269 3306 3337 3359 iis
3375 3323 3527 3359 orare
3565 3308 3627 3358 li-

2079 3394 2190 3446 cuit
2210 3431 2225 3458 ,
2256 3395 2294 3446 1.
2319 3393 2371 3445 2.
2400 3411 2445 3446 c.
2473 3394 2527 3445 9.
2555 3410 2608 3444 n.
2636 3393 2688 3445 8.
2716 3405 2840 3448 etc:
2864 3394 2948 3446 1⁷.
2975 3411 3030 3445 n.
3053 3392 3110 3445 2.

2280 3521 2437 3570 Haec
2464 3516 2819 3583 commixtio,
2857 3528 2910 3569 et
2942 3517 3277 3571 consecratio
3306 3528 3402 3569 etc.

2154 3634 2324 3726 ·Quse
2353 3657 2509 3710 verba
2529 3656 2797 3722 dicuntur,
2827 3658 2952 3710 dnm
2986 3659 3241 3728 particula
3268 3658 3479 3711 Hostiae
3495 3677 3624 3711 con-

2073 3756 2302 3799 secratae
2335 3748 2391 3797 in
2435 3747 2664 3801 Calicem
2706 3747 3056 3809 immittitur,
3102 3746 3381 3816 quomodo
3427 3747 3623 3800 intelli·

2073 3843 2288 3904 gantur,
2319 3836 2352 3885 1.
2382 3834 2434 3886 2.
2464 3853 2507 3887 c.
2534 3833 2587 3885 2.
2616 3851 2668 3885 n.
2700 3835 2786 3886 19.
2818 3837 2881 3887 V.
2919 3834 3133 3891 Oratio.
3168 3833 3532 3888 consecratio,

2668 4011 2956 4064 Haeretici
2980 4049 2991 4061 .

2174 4187 2452 4252 Perperam
2482 4185 2902 4248 calumniantur,
2929 4186 3142 4237 Missam
3175 4186 3340 4238 latino
3367 4202 3612 4240 sermone

2071 4271 2356 4336 celebrari,
2387 4291 2451 4324 ue
2479 4273 2717 4340 Populus
2748 4273 3277 4341 mysteria-intelligat
3296 4310 3313 4337 ,
3341 4275 3374 4324 1.
3402 4274 3451 4325 2.
3482 4290 3528 4325 c.
3555 4273 3608 4327 ².

2068 4378 2120 4411 η.
2153 4361 2196 4411 1.
2225 4362 2293 4412 Et
2317 4376 2475 4428 posse
2503 4359 2838 4412 Sacerdotem
2870 4361 3011 4427 justa
3037 4360 3363 4414 catholicam
3393 4360 3458 4415 de
3484 4378 3613 4415 con·

2067 4448 2361 4499 sect-atione
2385 4447 2680 4499 doctrinam
2712 4462 2898 4515 panem
2922 4463 3136 4499 astinem
3166 4464 3491 4516 consecrare,
3516 4448 3609 4518 qui

2067 4538 2121 4588 in
2148 4538 2294 4589 Foro
2321 4537 2520 4589 venalis
2548 4535 2632 4586 sit:
2662 4533 2752 4586 sed
2784 4534 3111 4596 refelluntur,
3141 4536 3175 4586 1.
3205 4536 3255 4586 3.
3284 4553 3328 4588 c.
3360 4538 3442 4588 18.
3472 4553 3525 4589 n.
3554 4538 3606 4589 ³.

2174 4626 2233 4677 In
2274 4626 2665 4677 fluet-eticorum
2693 4621 2847 4674 libris
2884 4622 3064 4686 utilia,
3101 4631 3152 4674 et
3179 4624 3421 4675 salutaria
3458 4644 3485 4676 a
3511 4642 3608 4676 no·

2068 4713 2197 4775 xiis,
2220 4721 2273 4765 et
2293 4712 2556 4781 pestiferis
2583 4708 2902 4781 secernenda
2930 4726 3044 4762 esse
3068 4710 3243 4762 Patres
3272 4723 3608 4766 monuerunt.

2066 4794 2299 4853 vetitum
2327 4809 2499 4850 tamen
2528 4807 2634 4862 est,
2664 4814 2730 4849 ne
2758 4816 2784 4848 a
2810 4794 3101 4852 Catholicis
3128 4799 3518 4853 linet-eticorum
3548 4803 3610 4853 li·

2065 4889 2148 4941 bri
2178 4890 2443 4956 tegantur,
2483 4889 2620 4939 Post
2655 4884 2900 4954 Append-
2943 4885 3027 4937 1³.
3066 4884 3125 4938 in
3165 4889 3213 4939 1.
3252 4887 3500 4957 praefat.
3539 4889 3618 4942 od

2067 4978 2215 5029 lect.
2240 4974 2524 5043 Episcopis
2552 4989 2763 5041 semper
2784 4973 2933 5024 licuit
2959 4990 3053 5024 eos
3081 4974 3273 5043 legere,
3301 4984 3376 5040 ut,
3401 4976 3608 5030 detecto

2062 5080 2255 5116 eorum
2279 5078 2513 5125 veneno,
2544 5062 2666 5114 illos
2693 5061 2969 5124 refellant,
2996 5070 3052 5113 et
3074 5061 3217 5131 plebi
3246 5080 3368 5116 suae
3394 5065 3606 5132 pestife-

2064 5168 2174 5202 ram
2205 5150 2494 5203 lectionem
2532 5148 2881 5213 interdicant,
2908 5148 2979 5201 ib.
3017 5151 3073 5203 Si
3102 5150 3234 5219 quid
3261 5150 3398 5219 apud
3427 5153 3609 5207 tiaera-

417 5234 626 5305 gatorio
666 5225 981 5301 erepta'fuit·
1018 5237 1150 5287 Hinc
1175 5238 1453 5288 Missarum
1485 5253 1610 5287 usus
1636 5236 1960 5301 dimanavit,
2015 5272 2023 5333 ξ
2065 5239 2203 5289 ticos
2231 5245 2473 5289 auctores
2518 5235 2670 5288 laude
2708 5234 2962 5304 dignum,
3007 5246 3061 5292 et
3105 5254 3283 5289 verum
3314 5238 3607 5297 inveniatur

415 5340 551 5392 quac
579 5338 605 5369 a
633 5323 684 5373 S.
726 5321 988 5391 Gregorio
1017 5330 1413 5391 nuncupantur,
1454 5323 1490 5373 1.
1534 5319 1582 5373 3.
1625 5338 1672 5374 c.
1698 5321 1787 5374 2³.
1827 5339 1879 5375 n.
1906 5322 1961 5376 2.
2013 5356 2023 5384 2
2066 5324 2265 5377 laudari
2298 5333 2501 5393 potest,
2529 5322 2600 5375 ih.
