4487 6316
1756 508 1883 562 Lm.
1918 508 1988 560 11.
2025 507 2167 559 CAP.
2203 507 2364 563 ΧΧΗ.

152 663 447 729 pum-..enm
485 657 661 721 stete.
698 648 954 729 ideoque
978 650 1158 720 nituit,
1196 650 1429 730 inquit,
1458 652 1719 730 deroyari
1740 651 2035 730 perfectio-

154 722 450 822 ζῗῃὲἶῗέῗζ
488 747 555 802 ni
574 744 745 819 Ικήιιε
775 742 1138 805 sacramenti
1163 791 1179 814 ,
1210 747 1264 805 si
1303 745 1559 825 Populus
1590 755 1778 806 suinat
1816 743 2036 823 Corpus

487 836 947 915 sineSanquine,
959 839 1266 898 ‘tlunmwdo
1285 837 1556 899 Sacerdos
1568 837 1619 899 C
1619 857 1912 900 enses-rans
1937 857 2037 897 su·-

484 943 604 993 mat
635 944 937 1009 atrumque
962 978 978 1001 ,
1010 939 1259 996 testatur
1287 931 1353 993 in
1378 952 1628 1012 corpore
1650 932 1915 1013 ejusdem
1934 949 2036 998 ar-

486 1025 655 1087 ticuli
673 1033 847 1087 caute
872 1026 1335 1106 providendum,
1359 1046 1437 1088 ne
1456 1027 1607 1107 quid
1637 1027 2036 1093 irreverenter

488 1120 1202 1196 committaturadversus
1225 1121 1701 1193 Sacramentum,
1726 1129 1786 1181 et
1804 1119 1883 1180 oh
1910 1138 2040 1186 mee

489 1221 642 1284 tum,
674 1234 750 1275 ne
778 1215 1122 1293 praebendo
1148 1215 1587 1277 Eucharistiam
1617 1214 1842 1295 pueris,
1860 1216 2038 1295 juve-

486 1307 690 1381 nibus,
719 1308 963 1372 senibus
985 1307 1227 1389 sanguis
1253 1308 1684 1380 effunderetur,
1718 1306 1782 1367 in
1811 1306 2036 1386 aliqui-

487 1402 604 1464 hus
629 1401 908 1462 Ecclesiis
949 1403 1444 1463 consuetudinem
1479 1422 1606 1464 esse
1636 1400 2037 1463 introductam

490 1496 816 1576 praebendi
861 1496 1303 1559 Eucharistiam
1346 1498 1460 1558 suh
1506 1495 1699 1576 specie
1742 1496 2039 1557 duntaxat

489 1591 686 1671 panis:
715 1592 837 1651 ideo
858 1592 1084 1670 provide
1110 1593 1174 1651 in
1199 1593 1536 1670 quibusdam
1560 1591 1829 1651 Ecclesiis
1855 1591 2039 1649 obscr-

488 1696 681 1755 tatur,
703 1695 780 1745 ut,
803 1684 1019 1764 Populo
1035 1688 1266 1764 sanquis
1286 1686 1583 1745 wmeuelus
1600 1705 1713 1744 non
1739 1685 1924 1753 detur,
1945 1683 2039 1742 sed

488 1780 671 1839 solum
695 1799 734 1838 a
763 1776 1061 1839 Sacerdote
1084 1790 1379 1848 sumntum·
1415 1779 1578 1859 quod
1609 1777 1898 1838 indicium
1925 1782 2034 1849 est,

490 1873 654 1935 haud
683 1873 767 1934 ita
794 1871 985 1933 multo
1004 1881 1145 1934 ante
1168 1873 1447 1952 usurpari
1471 1880 1742 1951 coeptam
1762 1870 1920 1931 hanc
1934 1868 2036 1929 ui-

157 1975 450 2046 perstans·-
490 1966 838 2045 sciplinam‚
869 1973 937 2026 ut
963 1965 1069 2044 qui
1102 1964 1346 2033 Missam
1378 1985 1500 2026 non
1527 1953 1889 2035 celebraret,
1921 1963 2037 2023 snb

156 2044 450 2137 fflss.ff
489 2061 617 2123 sola
643 2059 816 2139 panis
857 2059 1051 2140 specie
1082 2069 1348 2121 sumeret
1384 2060 1856 2122 Sacramentum.
1902 2057 2039 2117 Huc

159 2149 266 2249 2¹3²?
304 2151 446 2249 ’‘2⁶'ss
490 2154 715 2217 aceedit
747 2153 869 2216 alia
904 2154 1059 2215 ratio
1085 2199 1102 2226 ,
1133 2174 1210 2220 ne
1236 2154 1462 2217 scilieet
1488 2152 1883 2234 simpliciores
1906 2171 2037 2213 cre-

158 2237 423 2330 eonioemjo
489 2249 721 2321 tierent,
749 2257 940 2310 totum
973 2247 1397 2329 integrumque
1418 2248 1726 2310 Christum
1746 2266 1869 2307 non
1896 2265 2039 2306 cen-

157 2334 217 2363 ””
241 2329 447 2364 m*
492 2342 670 2404 tineri
699 2343 815 2404 sub
840 2361 912 2406 ea
936 2342 1148 2421 specie.
1186 2341 1540 2422 Rodulphus
1566 2341 1769 2403 Abbas
1791 2341 1861 2401 S..
1883 2341 2039 2400 Tru-

492 2437 667 2499 donis
687 2481 704 2511 ,
733 2436 1025 2516 qui-vixit
1050 2456 1231 2498 anno,
1248 2442 1421 2498 1110.
1447 2437 1541 2498 ita
1568 2434 1809 2498 scribit:
1841 2433 1959 2494 Hic
1985 2443 2037 2493 et

490 2533 572 2591 ibi
598 2532 819 2591 cautela
861 2531 965 2611 fiat
992 2577 1008 2601 ,
1044 2551 1112 2591 ne
1146 2530 1443 2610 Presbyter
1485 2523 1670 2609 aeqris
1699 2576 1714 2599 ‚
1749 2539 1851 2590 aut
1882 2529 2039 2587 sanis

491 2627 710 2686 tribuat
753 2623 943 2685 laicis
971 2625 1035 2684 de
1076 2627 1352 2704 sanquine
1389 2624 1628 2685 Christi.
1671 2623 1832 2685 Nam
1872 2621 2041 2701 fundi

483 2729 664 2800 posset
692 2720 882 2788 leviter
903 2739 925 2785 ,·
958 2720 1306 2798 simplexque
1328 2728 1557 2798 putaret
1582 2765 1598 2788 ,
1627 2717 1775 2796 quod
1798 2736 1914 2779 non
1937 2716 2040 2776 sub

490 2816 662 2893 speeie
687 2813 762 2872 sit
798 2823 943 2872 totus
970 2810 1134 2872 Jesus
1160 2823 1421 2890 utraque.

153 2900 437 2946 ww*
607 2912 706 2967 27.
743 2907 1043 2986 Repertus
1072 2905 1283 2967 Pullus
1308 2905 1646 2968 Cardinalis
1671 2951 1689 2979 ,
1731 2904 1839 2986 qni
1883 2903 2040 2966 vixit

158 2972 448 3084 ποιμεᾞῖ
489 3019 649 3063 anno
678 3004 849 3062 1160.
877 3018 1008 3079 par.
1039 3005 1098 3059 8.
1125 2998 1561 3060 sententiarum
1579 3018 1710 3079 cap.
1744 3004 1802 3058 3.
1831 2997 2032 3068 Prius,

156 3075 448 3189 &⁰⁸:350
488 3094 711 3176 inquit,
739 3113 960 3174 corpus,
986 3103 1108 3174 post
1135 3095 1366 3173 sanquis
1396 3113 1434 3154 a
1455 3092 1804 3174 Presbyter-is
1833 3102 1909 3151 est
1935 3111 2035 3151 su-

158 3189 447 3246 mmme-¹²³⁸
488 3190 737 3250 mentius.
775 3186 1069 3253 Institutio
1102 3184 1322 3250 Christi
1348 3188 1624 3248 mutanda
1665 3206 1779 3246 non
1820 3196 1897 3246 est
1927 3196 2029 3253 etc.

153 3254 305 3361 233⁸
320 3253 449 3359 142¹:-
501 3284 703 3344 Verum
733 3282 981 3360 qualiter
1013 3301 1051 3342 a
1084 3280 1272 3342 Laicis
1302 3281 1678 3342 Eucharistia
1702 3282 1851 3340 sumi
1877 3280 2034 3340 debe-

156 3365 452 3459 ffl'ffiss',
490 3387 609 3447 ret,
640 3395 868 3457 sponsae
892 3395 1027 3435 suae
1054 3377 1323 3435 conivetisit
1334 3376 1586 3453 judicio:
1615 3375 1776 3452 cujus
1802 3376 2035 3434 consilio

157 3432 351 3516 -ανωῖιε
379 3488 446 3515 er-
485 3482 536 3531 ec
569 3490 677 3530 usu
710 3470 901 3547 putere
926 3468 1035 3549 fia,
1073 3479 1138 3526 ue
1183 3465 1334 3528 Caro
1368 3467 1587 3528 chrisa·
1614 3466 1804 3527 Laicis
1835 3468 2034 3526 datri-

156 3533 447 3643 ffiu'lssz
489 3566 720 3625 leuatur:
753 3564 1023 3621 nimirum
1046 3564 1351 3641 periculose
1377 3563 1555 3642 fieret,
1584 3572 1649 3622 ut
1671 3563 1906 3639 *sanquis
1933 3563 2036 3620 sub

154 3648 425 3761 mim*
490 3659 710 3737 liquida
740 3658 912 3736 specie
949 3657 1311 3716 multitudini
1350 3655 1633 3716 fidetium
1668 3657 1731 3715 in
1775 3654 2036 3715 Ecclesia

489 3753 833 3813 divideretur
855 3772 878 3819 ,·
911 3752 1067 3829 lonye
1091 3753 1456 3830 periculosius
1482 3798 1498 3821 ,
1529 3752 1579 3810 si
1606 3750 1910 3831 infirmatis
1935 3768 2038 3827 per

492 3846 834 3921 Paroclziatn
861 3846 1189 3923 deferretur.
1225 3846 1298 3905 D.
1332 3844 1596 3905 Thomae
1625 3861 1877 3904 coaevus
1905 3840 2040 3901 Ale-

489 3939 721 4002 xander
746 3938 1026 3999 Halensis
1061 3945 1312 4000 tractatu
1338 3938 1414 3999 de
1439 3935 1839 4000 Sacramentis
1869 3955 1931 4015 q.
1971 3938 2029 3996 4.

488 4033 554 4115 S.
588 4039 645 4094 3.
679 4032 964 4102 Christus,
997 4031 1218 4112 inquit,
1246 4035 1459 4111 inteqre
1477 4033 1725 4092 sumitur
1741 4031 1843 4090 sub
1867 4040 2035 4090 utra-

488 4148 594 4207 que
623 4129 814 4208 specie.
847 4127 997 4186 Bene
1028 4129 1151 4187 licet
1178 4147 1391 4186 sumere
1421 4125 1638 4205 Corpus
1683 4123 1903 4201 Christi
1932 4124 2036 4183 sub

488 4224 661 4301 specie
684 4224 1127 4309 panisssdantum,
1156 4224 1300 4282 sicut
1331 4222 1443 4299 sere
1470 4223 1673 4299 ubique
1690 4221 1753 4301 fit
1781 4240 1819 4280 a
1844 4218 2036 4279 Laicis

490 4319 555 4376 in
580 4316 838 4376 Ecclesia
864 4326 964 4399 etc.
997 4315 1255 4376 Ecclesia
1280 4326 1468 4377 autem
1493 4315 1647 4375 istud
1695 4312 2036 4373 Sacramen-

491 4420 612 4469 tum
636 4410 952 4488 dispensare
977 4410 1252 4468 consuevit
1279 4409 1381 4468 sub
1407 4409 1579 4487 specie
1598 4410 1765 4486 panis
1789 4416 2031 4476 tantum,

492 4513 614 4561 tum
632 4513 860 4581 propter
882 4503 1198 4580 periculum
1224 4501 1503 4582 effusionis
1530 4548 1546 4571 ,
1577 4501 1723 4579 quod
1766 4500 1907 4577 sorte
1934 4520 2031 4560 ac-

487 4597 713 4665 cideret,
745 4597 797 4654 si
824 4596 925 4654 sub
947 4598 1119 4675 specie
1144 4598 1266 4656 vini
1292 4597 1730 4675 dispensantur,-
1754 4604 1871 4653 tum
1896 4613 2032 4673 pro-

482 4701 609 4771 pter
630 4691 762 4749 vitii
781 4690 1132 4770 infidelitatis
1154 4692 1508 4760 amotionem,
1538 4689 1686 4766 quod
1706 4708 1759 4748 se
1779 4707 1891 4746 non
1921 4689 2031 4746 im-

487 4787 684 4845 merito
708 4784 1052 4863 simplicium
1091 4785 1364 4843 mentibus
1396 4786 1666 4861 inqereret
1693 4829 1709 4852 ,
1739 4784 1793 4841 si
1822 4800 2032 4861 semper

486 4881 587 4938 sub
611 4880 882 4957 speciebus
914 4881 1080 4958 panis
1118 4889 1167 4937 et
1207 4879 1327 4939 vini
1367 4879 1601 4951 daretur
1623 4898 1647 4945 ‚·
1687 4878 1825 4954 quia
1856 4878 1907 4936 si
1942 4877 2029 4937 ita

484 4974 635 5053 fieret
662 5019 678 5042 ,
708 4983 927 5051 possent
953 4973 1312 5051 simpliciores
1342 4974 1558 5041 credere
1583 4972 1730 5049 quod
1766 4969 2027 5031 Christus

483 5086 597 5125 non
617 5068 994 5126 contineretur
1013 5068 1223 5145 inthre
1240 5069 1341 5127 sub
1361 5069 1546 5127 altera
1569 5067 1760 5145 specie.
1789 5065 1876 5125 Ea
1894 5083 2030 5126 con-

482 5158 734 5220 suetudo
757 5157 1135 5227 ministrandi
1157 5158 1595 5219 Eucharistiam
1618 5158 1731 5217 sub
1750 5156 1876 5219 sola
1900 5176 2028 5236 spe-

484 5250 577 5312 cie
605 5250 780 5331 panis
805 5251 1260 5312 succedentibus
1307 5250 1673 5331 temporibus
1692 5250 1772 5310 ob
1790 5249 2026 5311 easdem

485 5342 747 5406 rationes
775 5364 839 5405 se
871 5343 1047 5425 longe
1086 5343 1326 5425 lateque
1362 5343 1685 5405 dill'nderat
1711 5386 1728 5414 ,
1748 5361 2027 5421 *cumque

483 5456 645 5499 anno
676 5442 846 5499 1415.
877 5431 1138 5515 Ioannes
1164 5439 1327 5511 lius,
1357 5446 1416 5499 et
1444 5436 1850 5518 Hieronymus
1876 5436 2022 5497 Pra-

3410 509 3511 559 1³³

2144 650 2341 732 gensis
2367 651 2718 722 Bohemiam
2760 671 2967 715 errore
3009 651 3116 712 illo
3158 669 3269 712 suo
3316 649 3652 714 infecissent
3678 696 3697 723 ,

2147 744 2547 805 necessarium
2575 745 2800 822 scilieet
2819 764 2945 806 esse
2970 745 3084 805 snb
3104 752 3363 823 utraque
3381 742 3575 823 specie
3595 744 3698 805 Sa-

2144 847 2521 922 cramentum
2554 859 2792 902 sumere
2822 837 3235 900 Eucharistiae
3258 883 3274 910 ,
3306 838 3512 898 Patres
3538 837 3696 898 Con-

2144 931 2269 992 cilii
2298 933 2767 996 Constantiensis
2786 953 2927 995 sess.
2955 938 3048 993 13.
3075 940 3441 1003 statuerunt,
3473 950 3585 1011 pro
3610 931 3696 993 le-

2142 1045 2215 1106 ge
2241 1025 2584 1088 habendam
2605 1047 2731 1089 esse
2754 1026 3248 1087 consuetudinem
3265 1026 3394 1107 jam
3419 1025 3695 1094 introdu-

2142 1127 2300 1181 ctam
2326 1120 2708 1183 ministrandi
2730 1121 3182 1188 Sacramentum
3201 1121 3315 1179 sub
3334 1119 3526 1199 specie
3544 1121 3695 1179 dun·

2144 1221 2311 1274 taxat
2335 1214 2541 1293 panis,
2571 1234 2833 1294 eumque
2852 1213 3407 1285 condemnandum,
3438 1213 3544 1293 qni
3574 1213 3692 1275 hu-

2136 1306 2401 1387 jusmodi
2452 1308 2701 1380 auderet
2753 1308 3097 1388 improbare
3144 1301 3635 1368 consuetudinem
3669 1332 3690 1381 ς

2138 1399 2437 1480 jussitque
2463 1402 2786 1482 Episcopos
2810 1421 3044 1474 curare,
3080 1421 3152 1463 ea
3184 1400 3284 1461 lex
3317 1412 3384 1463 ut
3407 1401 3694 1463 observa-

2145 1503 2333 1555 retur.
2371 1496 2535 1557 Idem
2562 1515 2725 1558 anno
2756 1500 2928 1557 ΜΠ.
2967 1496 3254 1580 adversus
3281 1496 3330 1555 Τ
3331 1495 3596 1557 aboritas
3633 1502 3697 1557 et

2144 1587 2475 1656 Calixtinos
2498 1589 2755 1651 sancivit
2793 1589 3129 1650 Basilaense
3159 1587 3507 1660 ‚Concilium
3544 1607 3688 1649 sess.

2147 1686 2242 1742 30.
2270 1683 2697 1760 etTridentina
2718 1684 2996 1765 Synodus
3016 1702 3178 1745 anno
3204 1687 3377 1743 1562.
3404 1682 3693 1745 adversus

2144 1766 2605 1846 Lutheranos‘et
2630 1776 3007 1840 Calvinistas.

2261 1875 2359 1931 28.
2391 1870 2606 1932 Omnis
2629 1869 2901 1931 doctrina
2930 1869 3078 1931 haec
3104 1867 3445 1930 Catholicae
3480 1868 3691 1929 inniti·
3787 1887 3996 1931 saneim·-

2147 1972 2246 2024 tur
2268 1963 2525 2026 ‚veritati
2552 2010 2570 2038 ,
2615 1983 2772 2044 quae
2816 1963 2987 2025 docet
3029 1971 3219 2024 totum
3268 1962 3696 2045 integrumque
3731 1943 4018 2044 &2⁸:³1³-

2145 2057 2451 2119 Christum
2476 2060 2592 2138 sub
2617 2058 2811 2138 specie
2837 2057 3010 2137 panis
3038 2075 3230 2136 aeque
3254 2076 3324 2118 ac
3349 2057 3469 2117 sub
3493 2057 3692 2137 specie
3730 2073 3800 2158 ζ.
3824 2059 4020 2159 ξιξέζξὶ.

2146 2151 2274 2213 vini
2301 2152 2595 2214 contineri
2619 2174 2640 2228 3
2666 2171 2790 2214 non
2814 2151 2978 2213 enim
3004 2150 3282 2216 Christus,
3305 2145 3535 2214 divisus
3561 2158 3696 2226 est„
3729 2135 3863 2229 ψ’...
3889 2186 4020 2228 nequ·

2147 2232 2256 2307 nec
2280 2246 2510 2327 Corpus
2534 2248 2664 2328 ejus
2688 2254 2779 2325 est
2808 2253 3135 2319 mortuum,
3166 2252 3236 2305 ut.
3258 2244 3347 2306 ait
3373 2244 3695 2323 Apostolus
3730 2231 4021 2346 ᾖζᾞξξζζζ

2145 2339 2222 2400 ad
2252 2341 2423 2401 Rom.
2471 2360 2600 2420 cap.
2649 2345 2706 2400 3.
2755 2338 3016 2401 Christus
3058 2357 3348 2416 resurgens
3374 2357 3412 2397 a
3456 2339 3693 2398 mortuis
3734 2351 3981 2390 cont-netue-

2135 2433 2266 2511 jam
2292 2455 2406 2494 non
2426 2436 2693 2503 nior-itur:
2720 2453 2865 2494 mors
2894 2434 2990 2493 illi
3016 2433 3177 2493 ultra
3221 2452 3335 2491 non
3373 2433 3689 2498 doneiinabi-

2146 2538 2263 2588 tur.
2297 2529 2612 2591 Praeterea
2639 2528 2699 2589 vi
2730 2519 3055 2600 verborum
3082 2525 3555 2588 Consecrationis
3587 2547 3689 2591 ve·

2147 2621 2325 2684 niunt
2352 2624 2466 2684 snb
2498 2622 2755 2702 speciem
2782 2621 2957 2701 panis
2995 2621 3226 2699 Corpus
3250 2665 3268 2692 ,
3301 2628 3362 2680 et
3402 2619 3517 2680 sub
3556 2639 3690 2699 spe-

2146 2714 2297 2777 ciem
2327 2715 2454 2776 vini
2483 2715 2760 2797 SanguiS,
2784 2723 2846 2776 et
2871 2715 3100 2793 Corpus
3117 2712 3506 2792 sub-speciem
3536 2711 3688 2785 vini,

2144 2817 2205 2870 et
2226 2809 2483 2891 Sanguis
2507 2810 2620 2870 sub
2646 2808 2903 2888 speciem
2928 2806 3123 2887 panis,
3145 2818 3205 2867 et
3231 2807 3346 2867 sub
3366 2813 3687 2884 utramque

2142 2902 2398 2982 speciem
2413 2902 2824 2965 etiamanima'
2844 2909 3085 2982 propter
3109 2899 3444 2962 naturalem
3467 2919 3689 2967 conne-

2142 2995 2384 3057 xionem
2412 3005 2472 3057 et
2495 2995 3040 3069 concomitantiam,
3071 3002 3140 3055 ut
3164 2993 3522 3073 loquuntur,
3556 3013 3692 3073 par-

2146 3089 2546 3162 tiumChristi
2566 3136 2582 3165 ,
2616 3090 2722 3172 qui
2753 3090 2830 3151 ad
2860 3089 3045 3152 vitam
3074 3088 3253 3150 rediit
3278 3077 3401 3149 non
3428 3088 3693 3169 amplius

2146 3185 2498 3258 moriturus3
2530 3186 2696 3247 venit
2717 3186 2924 3249 itidem
2945 3186 3059 3245 sub
3090 3193 3412 3263 utramque
3434 3184 3691 3263 speciem

2143 3280 2444 3341 Divinitas
2473 3292 2715 3361 propter
2743 3279 3179 3361 hypostaticam
3205 3277 3493 3339 unionem
3522 3323 3538 3351 ‚
3568 3298 3691 3358 qua

2141 3394 2280 3436 cum
2305 3394 2554 3454 corpore
2580 3383 2641 3436 et
2664 3374 2868 3437 anima
2894 3373 3232 3453 copulatur.
3513 3434 3516 3441 ,

2260 3475 2358 3530 29.
2398 3471 2596 3549 Atque
2621 3469 2777 3530 huic·
2794 3467 3102 3553 doctrinae
3131 3486 3315 3547 quam
3352 3486 3423 3527 ea
3465 3466 3687 3546 proba·
3751 3509 3988 3552 „mim-

2143 3572 2289 3625 runt
2311 3563 2611 3637 Concilia,
2643 3562 2796 3623 nihil
2825 3562 3159 3642 quidquam
3188 3560 3516 3621 detrahunt
3541 3578 3688 3639 quoe
3728 3578 3826 3664 ἵζε
3861 3565 4017 3666 ⁶⁸:13:

2144 3659 2400 3719 rundam
2428 3657 2765 3719 calumniae
2792 3678 2809 3727 ;
2836 3677 2872 3718 a
2899 3655 3240 3717 Christiana
3277 3654 3565 3725 nimirum
3594 3674 3687 3714 es-
3730 3685 3890 3721 mm,

2142 3772 2205 3813 se
2228 3752 2533 3814 Charitate
2552 3752 2842 3824 alienum,
2873 3750 3167 3811 subducto
3191 3748 3406 3827 Calicis
3435 3768 3568 3821 usu,
3585 3748 3687 3808 Fi-

2143 3845 2304 3907 deles
2330 3845 2597 3907 uberiori
2634 3844 2742 3906 illa
2783 3843 3067 3905 fraudare
3091 3842 3286 3924 gratia
3312 3887 3331 3914 ,
3364 3860 3550 3921 quam
3593 3841 3686 3901 bi·-

2143 3940 2340 4001 bendo
2389 3938 2759 4021 Sanguinem
2802 3944 3310 4018 consequerentur
3338 3982 3354 4005 ,
3408 3933 3690 4013 quamvis

2143 4032 2435 4113 ejusmodi
2464 4031 2658 4113 gratia
2685 4030 3014 4093 necessaria
3041 4049 3163 4091 non
3192 4029 3272 4089 sit
3301 4027 3380 4090 ad
3406 4026 3683 4089 salutem.

2141 4127 2293 4189 Nam
2321 4126 2552 4188 etiamsi
2582 4126 2731 4188 haec
2756 4125 2965 4205 opinio
2992 4143 3135 4185 vera
3160 4131 3311 4184 esset
3333 4166 3351 4194 ,
3382 4139 3558 4192 nemo
3596 4128 3688 4183 est

2142 4219 2249 4300 qui
2275 4219 2519 4304 nesciat,
2547 4218 2705 4300 leges
2725 4219 2801 4280 de
2820 4215 3233 4279 Eucharistiae
3254 4212 3687 4274 ministrandae

2143 4313 2288 4375 Ritu
2315 4332 2436 4374 non
2465 4312 2642 4373 modo
2665 4311 2744 4373 ad
2768 4318 3160 4392 augmentum
3185 4306 3414 4389 gratiae
3454 4305 3517 4366 in
3561 4324 3632 4366 eo
3657 4350 3680 4379 ,

2140 4406 2248 4486 qni
2261 4407 2709 4469 Sacramentum
2721 4405 2989 4485 suscipit,
3004 4403 3105 4465 sed
3116 4401 3297 4463 etiam
3318 4400 3395 4462 ad
3415 4397 3682 4480 ejusdem

2141 4500 2510 4562 Sacramenti
2537 4499 2890 4580 dignitatem
2918 4493 3451 4558 ‹et-venerationem
3493 4491 3679 4572 respi-

2138 4594 2548 4676 ceredehere3
2576 4593 2751 4655 aliter
2778 4591 2940 4657 enim
2971 4598 3184 4673 nutare
3201 4587 3318 4652 dici
3348 4593 3586 4666 possent
3612 4584 3684 4644 il-

2137 4685 2233 4748 lae
2259 4685 2439 4748 etiam
2467 4685 2764 4747 Ecclesiae
2781 4684 2959 4765 leges,
2993 4701 3149 4762 quae
3178 4686 3401 4751 vetant,
3437 4697 3512 4738 ne
3539 4676 3682 4757 quis

2135 4781 2373 4861 saepius
2398 4800 2582 4860 quam
2609 4778 2791 4841 semel
2813 4779 3020 4839 eadem
3048 4776 3145 4837 die
3170 4771 3594 4842 eommunicet,·
3619 4779 3682 4832 et

2133 4874 2500 4947 Sace1·doteS‚
2531 4894 2606 4935 ne
2628 4874 2836 4934 eadem
2863 4872 2981 4944 die,
3013 4870 3175 4951 quod
3198 4867 3267 4929 fit
3294 4867 3358 4927 in
3380 4866 3477 4926 die
3500 4863 3674 4925 Chri-

2136 4969 2210 5030 sti
2238 4968 2436 5030 Natali
2464 5013 2481 5041 ,
2520 4968 2737 5031 iterent
2764 4958 3155 5027 Sacrificium.
3191 4961 3343 5022 Vide
3383 4957 3673 5035 Cardinass

2133 5061 2254 5123 lem
2280 5061 2715 5123 pallavicinum
2741 5050 2967 5120 Hister.
2994 5048 3244 5119 Concilii
3265 5055 3313 5114 Τ
3315 5052 3532 5125 rident.
3560 5048 3668 5109 lib.

2139 5159 2233 5214 17.
2265 5174 2395 5235 cap.
2435 5159 2525 5213 12.
2552 5153 2658 5214 ubi
2689 5151 2850 5214 Petri
2874 5149 3088 5212 Suavis
3113 5148 3397 5210 adversus
3422 5139 3674 5204 Concilii

2132 5249 2451 5311 Decretum
2504 5245 2954 5308 criminationes
2998 5241 3197 5304 diluit.
3258 5235 3534 5327 Legenda
3585 5241 3675 5294 est

2130 5340 2312 5403 etiam
2338 5326 2661 5402 pastoralis
2679 5337 3012 5418 ⁷Instixuctio
3039 5330 3374 5397 Cardinalis
3404 5328 3477 5389 de
3518 5327 3675 5387 Ten-

2130 5433 2228 5495 cin
2254 5432 2400 5497 olim
2427 5430 2900 5504 Ehredunensis,
2932 5448 3092 5490 nunc
3120 5419 3532 5506 Lugdunensis
3559 5420 3675 5479 Ar·
