4487 6316
498 1470 702 1527 Argentea
720 1475 787 1511 et·

494 1529 577 1568 iam
595 1535 636 1568 et
652 1527 785 1569 aurei·

493 1582 657 1626 laminis
716 1598 787 1626 οι-

497 1650 592 1683 nat·
611 1655 790 1698 sequen-

495 1698 606 1742 tabu·
642 1712 786 1743 neen-

519 3182 646 3224 rau-n
669 3187 784 3223 sam

490 3238 659 3283 omnino
723 3240 787 3276 est

490 3290 785 3395 &ancalf-

490 3425 558 3452 ηε
577 3440 592 3465 ,
628 3408 704 3451 nisi
749 3407 786 3448 si

492 3466 635 3510 Altare
682 3478 783 3507 eon·

487 3534 690 3568 secretum
709 3523 780 3567 uit.

487 3579 652 3623 Tabula
701 3578 779 3622 At-

488 3639 588 3682 mi·
640 3636 780 3695 appel-

488 3692 601 3737 latur
617 3702 660 3737 et.
677 3694 779 3738 Vin-

488 3753 619 3796 tieum
734 3754 777 3795 in

487 3810 594 3878 ³9oe
646 3813 783 3856 cano-

493 5076 723 5122 otte-nut-
740 5089 787 5119 n

1003 543 1038 592 8
1694 544 1779 593 DE
1820 540 2307 595 SACROSANCTO
2342 541 2561 600 mssAE
2599 539 2986 599 sAcmlclo

824 689 1044 757 etimne,
1078 689 1222 767 lapis
1251 697 1329 748 eet
1354 699 1570 753 natura
1591 689 1919 758 countnnnie,
1948 689 2098 748 nihil
2125 687 2383 768 differens

824 782 897 841 ab
926 782 1059 841 aliis
1084 784 1287 842 crustis
1321 782 1577 862 lapideis,
1606 801 1681 843 ecc
1706 784 1907 862 quibus
1930 783 2171 862 parietes
2200 782 2384 841 nostri

822 885 1205 945 eoetmantur,
1241 885 1294 935 et
1333 878 1659 957 pavimenta
1688 885 2064 937 exornantur.
2096 873 2212 936 Sed
2240 895 2382 956 qno-

818 972 978 1029 niam
999 969 1109 1030 Dei
1135 971 1320 1031 cultui
1343 981 1724 1033 consecratam
1746 982 1914 1050 atque
1939 971 2258 1033 dedicatam
2277 981 2378 1042 est,

822 1084 891 1126 ac
915 1065 1339 1126 benedictionem
1374 1068 1618 1147 accepit,
1660 1065 1869 1128 Mena
1907 1076 2136 1137 sancta,
2178 1062 2383 1127 Altare

823 1162 1253 1222 immaculatum
1277 1171 1386 1232 est,
1417 1162 1565 1240 qnod
1589 1180 1704 1221 non
1728 1162 1974 1241 amplius
1995 1162 2068 1222 ab
2088 1162 2344 1220 omnibus
2360 1208 2378 1233 ,

821 1257 916 1317 sed
953 1276 992 1318 a
1015 1257 1149 1316 ³01ss
1178 1255 1575 1318 Sacerdotibus
1609 1258 1789 1336 iisque
1816 1256 2207 1317 venerantibus
2247 1275 2381 1317 conr-

825 1360 1119 1412 trectatnr.

945 1452 1003 1505 8.
1036 1443 1302 1518 Altaria,
1330 1463 1471 1506 cum
1494 1443 1758 1508 Ecclesia
1795 1443 2252 1507 secundioribus
2281 1463 2379 1507 re-

822 1539 939 1601 bus
964 1539 1251 1619 coepisset
1277 1539 1368 1600 uti
1388 1585 1405 1612 ,
1434 1538 1690 1622 legimus
1723 1559 1761 1602 a
1787 1538 2098 1601 Fidelihus
2123 1539 2281 1602 facta
2307 1560 2385 1602 ex

828 1643 1099 1716 argento.
1146 1635 1303 1697 Sane
1326 1634 1754 1698 Constantinus
1791 1636 2157 1716 Imperator,
2184 1644 2256 1696 ut
2296 1642 2386 1697 est

827 1728 893 1790 in
934 1728 1097 1792 libro
1134 1727 1472 1792 Pontificali
1487 1776 1505 1803 ,
1537 1736 1764 1811 septem
1803 1750 1879 1792 ex
1918 1730 2239 1811 purissimo
2281 1749 2382 1793 ar-

825 1832 1006 1907 gento
1040 1825 1339 1887 exstruxit
1366 1824 1600 1887 Altaria
1640 1825 1705 1885 in
1731 1825 2223 1888 Constantiniana
2266 1826 2383 1888 Ba-

826 1919 995 1982 silica
1011 1965 1028 1992 ,
1072 1938 1335 2000 quorum
1372 1917 1609 2000 singula
1648 1919 1883 2000 pondus
1923 1919 2231 1981 habebant
2273 1920 2386 1981 du-

825 2023 1139 2077 centarum
1157 2022 1218 2076 et
1236 2014 1546 2096 sexaginta
1573 2013 1893 2077 librarum.
1916 2015 2179 2097 Xystum
2200 2015 2385 2078 etiam

824 2110 1098 2172 Tertium
1122 2119 1474 2201 argenteum
1500 2109 1710 2171 itidem
1736 2108 1941 2172 Altare
1978 2117 2381 2173 trecentarum

823 2205 1026 2286 pondo
1067 2203 1367 2265 librarum
1403 2202 1468 2264 in
1506 2203 1716 2265 eodem
1756 2204 1916 2266 libro
1953 2206 2261 2286 proditum
2298 2215 2388 2269 est

825 2297 1115 2361 Basilicae
1140 2298 1500 2360 Liberianae
1523 2298 1841 2362 obtulisse:
1871 2299 2026 2361 illud
2058 2308 2256 2363 tamen
2285 2300 2384 2362 in-

820 2402 1074 2469 certum,
1099 2413 1134 2455 e
1159 2393 1352 2456 solido
1373 2413 1449 2455 ne
1475 2402 1724 2475 argento
1741 2393 1974 2456 Altaria
2002 2384 2108 2457 illa
2130 2395 2379 2471 fuerint,

820 2509 902 2553 an
928 2509 1006 2551 ex
1033 2488 1201 2571 ligno
1229 2487 1324 2550 vel
1356 2488 1558 2568 lapide
1582 2488 1882 2570 argenteis
1906 2489 2147 2550 laminis
2187 2490 2385 2551 obdu-

820 2592 940 2646 cto:
962 2601 1106 2644 nam
1132 2582 1208 2644 de
1233 2581 1524 2664 ejusmodi
1558 2581 1802 2644 laminis
1830 2582 1989 2644 idem
2019 2582 2387 2646 Pontificalis

821 2676 978 2739 liber
1006 2675 1074 2736 in
1110 2675 1237 2738 vita
1264 2674 1563 2737 Hadriani
1603 2675 1652 2735 1.
1685 2674 1834 2737 haec
1858 2675 2077 2737 habet:
2106 2675 2181 2736 In
2208 2675 2385 2739 Basi-

820 2773 934 2833 lica
970 2769 1040 2832 S.
1070 2769 1183 2830 Dei
1211 2767 1548 2840 Genitricie,
1588 2789 1735 2848 qaae
1774 2780 1853 2830 est
1882 2772 1958 2832 ad
1984 2770 2292 2850 Praesepe,
2321 2773 2388 2831 in

819 2865 1019 2927 Altari
1056 2866 1235 2946 ipsius
1265 2863 1559 2943 Praesepis
1586 2864 1714 2942 [ecit
1759 2863 2109 2927 Hadrianus
2142 2867 2388 2927 lamims

819 2979 895 3021 ea.-
935 2978 1080 3045 auro
1110 2959 1418 3039 purissimo
1458 2957 1738 3019 Historiis
1780 2960 2010 3040 depictis
2036 3007 2052 3030 ‚
2090 2971 2387 3042 pensantes

819 3053 993 3114 simul
1023 3053 1199 3112 libras
1230 3060 1450 3111 centum
1477 3052 1745 3129 quinque.

944 3150 1004 3208 9.
1030 3145 1205 3207 Nunc
1228 3144 1304 3207 de
1322 3145 1499 3207 Petra
1527 3164 1695 3208 sacra
1720 3144 2063 3220 dicendum,
2089 3165 2213 3228 qua
2237 3167 2391 3229 opus

825 3260 952 3304 esse
975 3241 1323 3311 monuimus
1347 3249 1417 3303 ut
1440 3240 1625 3303 Missa
1649 3240 1766 3302 rite
1791 3242 2128 3304 celebretur
2144 3289 2162 3319 ,
2192 3243 2310 3305 nisi
2337 3243 2388 3305 si

824 3337 1032 3399 Altare
1055 3344 1468 3399 consecratum
1504 3335 1604 3397 sit.
1634 3336 1733 3396 Ea·
1750 3336 1817 3397 in
1856 3356 1987 3418 cap.
2023 3337 2391 3400 Concedimae

824 3431 901 3493 de
923 3436 1248 3493 consecrat.
1279 3428 1419 3491 dist.
1446 3419 1502 3492 1'.
1532 3428 1753 3492 Tabala
1772 3429 1997 3493 Altae-is
2024 3431 2387 3513 appellatur,

820 3533 882 3587 et
914 3523 1197 3586 Viaticum
1239 3523 1305 3585 in
1350 3522 1644 3586 Decretali
1678 3522 1967 3599 Quoniam
2006 3526 2281 3608 Episcopi
2315 3527 2390 3590 de

819 3619 1169 3702 Privilegiis*
1185 3619 1254 3680 in
1279 3628 1469 3681 sexto:
1499 3629 1564 3679 at
1585 3619 1790 3700 Altare
1812 3623 1987 3701 possit
2018 3622 2218 3682 habere
2252 3622 2390 3684 Via-

823 3718 1015 3776 ticum.
1041 3713 1406 3776 Hincmarus
1434 3714 1787 3778 Rbemensis
1814 3713 2054 3777 saeculo
2084 3722 2142 3775 9.
2179 3714 2256 3777 de
2276 3717 2389 3794 Pe-

824 3818 1113 3896 trasacra
1152 3808 1424 3889 loquitur
1470 3807 1886 3888 inCapitulis,
1916 3828 2076 3889 quae
2117 3829 2280 3872 anno
2305 3811 2387 3872 E-

822 3903 1161 3986 piscopatus
1186 3902 1280 3964 sui
1308 3902 1660 3964 duodecimo
1701 3903 2004 3965 condidit:
2033 3902 2214 3966 Nemo
2240 3904 2387 3965 Pre-

819 4000 1171 4080 sbyterorum
1194 4000 1261 4058 in
1288 3997 1489 4059 Altari
1517 3999 1588 4059 ab
1617 3997 1896 4079 Episcopo
1932 4018 2048 4058 non
2072 4008 2389 4059 consecrato

822 4105 1053 4155 cantare
1084 4101 1432 4174 praesumat.
1476 4090 1836 4172 Quapropter
1871 4093 1925 4152 si
1966 4093 2262 4152 necessitas
2281 4110 2387 4171 po·

817 4189 1058 4270 poscerit
1078 4234 1091 4256 ,
1120 4188 1289 4247 donec
1316 4186 1575 4246 Ecclesia
1598 4187 1693 4246 vel'
1709 4185 1947 4247 Altaria
1966 4196 2383 4258 consecrentur,

824 4292 878 4343 et
905 4284 972 4343 in
1012 4280 1301 4362 Coppellis
1341 4282 1544 4351 etiam,
1584 4299 1726 4358 qnae
1766 4282 2229 4342 consecrationem
2272 4300 2388 4342 non

822 4385 1136 4445 merentur,
1179 4373 1458 4436 Tabulam
1497 4374 1730 4452 quisque
1775 4372 2103 4454 Presbyter,
2151 4375 2249 4438 cui
2285 4394 2386 4434 ne·

820 4472 1123 4532 cessarium
1147 4470 1321 4549 fuerit
1337 4515 1354 4538 ,
1386 4469 1452 4528 de
1476 4487 1755 4529 mamere
1782 4468 1870 4527 vel
1892 4469 2064 4547 niqra
2088 4479 2255 4549 petra
2282 4478 2387 4529 ant

825 4565 989 4624 lithio
1007 4579 1012 4583 ⁴
1028 4562 1406 4623 honestissimo
1432 4560 1735 4620 secundum
1762 4579 1929 4621 suam
1956 4563 2387 4641 possibilitatem

823 4657 1039 4717 honeste
1068 4665 1399 4715 assectatam
1426 4655 1625 4715 habeat
1645 4700 1660 4723 ,
1693 4662 1745 4713 et
1770 4654 1927 4713 nobis
1953 4654 2029 4714 ad
2056 4674 2385 4715 consecran—

824 4751 960 4810 dnm
989 4737 1223 4831 afferat,
1257 4767 1430 4827 qnam
1467 4767 1682 4819 secum,
1711 4766 1838 4807 cum
1864 4748 2203 4829 expedierit,
2237 4749 2386 4826 dese-

823 4856 942 4917 rat,
971 4847 1039 4904 in
1064 4862 1180 4922 qua
1204 4862 1370 4903 sacra
1399 4840 1686 4920 Mysten-ia
1712 4844 2016 4903 secundnm
2040 4843 2241 4904 Ritam
2269 4843 2387 4927 Ep·

825 4939 1197 5001 elesiasticum
1224 4955 1386 5015 aqere
1412 4937 1619 4998 caleat.
2038 4993 2041 4994 a

946 5037 1043 5092 10.
1076 5031 1149 5090 In
1178 5027 1475 5090 Orientali
1516 5027 1778 5091 Ecclesia
1815 5027 2025 5092 nullus
2061 5028 2247 5112 hujus
2275 5031 2388 5092 Pe-

591 5151 618 5179 u
639 5145 784 5179 untur·
827 5135 954 5189 trae
980 5143 1184 5186 sacrae
1209 5131 1299 5184 est
1324 5142 1499 5183 usus:
1530 5141 1672 5184 nam
1696 5122 1748 5183 si
1775 5121 1842 5183 in
1870 5122 2067 5194 Altari,
2091 5116 2214 5185 no‘n
2241 5144 2388 5186 eon-

824 5227 1053 5284 secrato
1078 5217 1261 5280 Missa
1288 5217 1368 5279 sit
1406 5217 1797 5292 celebranda,
1824 5237 2059 5299 pannos
2094 5219 2390 5299 quosdam

826 5315 1118 5378 adhibent
1151 5311 1496 5394 Sacerdotes
1530 5312 1740 5374 eodem
1781 5313 1926 5375 Ritu
1952 5358 1969 5388 ‚
2013 5329 2137 5395 quo
2180 5332 2388 5377 conse-

826 5416 1072 5472 crantur
1102 5406 1333 5469 Altaria
1350 5452 1368 5480 ‚
1396 5414 1768 5470 consecratos
1784 5452 1801 5481 ,
1841 5427 1995 5488 quos
2019 5416 2238 5471 vocant
2261 5407 2388 5468 An·

830 5505 1117 5572 timnsia,
1148 5508 1218 5563 ut
1257 5500 1461 5563 videre
1500 5509 1590 5564 est
1630 5502 1791 5584 apud
1822 5501 2001 5564 Card.
2034 5493 2200 5566 Bona
2242 5506 2384 5566 Ber.
2439 5565 2444 5579 ,

2490 690 2775 771 Liturgic.
2809 686 2919 749 lib.
2966 692 3022 750 1.
3064 704 3195 769 cap.
3241 689 3341 747 20.
3377 682 3785 763 Bingbamum
3813 686 3960 739 tom.
3994 679 4053 735 3.

2487 807 2624 869 pag.
2668 791 2807 848 246.
2853 795 2914 849 et
2940 783 3101 866 apud
3134 781 3576 846 Renaudotium
3607 778 3672 839 in
3702 774 4050 838 Collection.

2492 882 2902 963 Liturgiarum
2921 878 3325 942 Orientalium
3353 880 3500 939 tom.
3535 881 3591 937 1.
3626 888 3761 956 pag.
3790 876 3925 934 182.
3953 873 4052 945 At,

2488 976 2997 1062 quemadmodum
3028 975 3326 1047 diximus,
3358 973 3423 1034 in
3450 967 3819 1034 Occidentali
3851 965 4057 1029 Eccle-

2490 1076 2579 1137 sia
2605 1121 2622 1148 ,
2673 1081 2780 1137 aut
2822 1092 3002 1154 super
3042 1070 3246 1133 Altare
3293 1068 3598 1149 lapideum
3643 1071 4057 1128 consecratum

2491 1170 2735 1234 Missam
2773 1168 3080 1231 celebrare
3122 1172 3391 1247 oportet,
3421 1171 3528 1225 aut
3553 1161 3601 1224 si
3641 1165 4057 1222 consecratum

2490 1285 2615 1327 non
2663 1264 2784 1338 sit,
2834 1263 3045 1325 saltem
3089 1280 3270 1340 super
3316 1259 3556 1320 Petram
3605 1261 4013 1317 consecratam
4037 1297 4055 1324 ,

2489 1360 2618 1423 sive
2646 1359 2850 1422 Altare
2889 1359 2967 1421 sit
3002 1358 3305 1440 ligneum,
3335 1354 3462 1415 sive
3490 1352 3817 1433 lapideum.
3852 1349 4061 1412 Altare

2491 1455 2695 1517 lesum
2724 1453 3029 1516 Christum
3057 1448 3386 1532 significat:
3415 1448 3616 1508 Altare
3642 1446 3868 1525 quidem
3897 1441 4058 1505 San-
4097 1434 4401 1550 2ffff⁸gnffiffi·

2492 1562 2612 1613 ctae
2642 1549 2930 1611 Ecclesiae
2961 1558 3039 1609 eet
3065 1545 3329 1608 Christus
3349 1593 3364 1615 ,
3404 1553 3534 1605 teste
3557 1541 3782 1604 Joanne
3801 1588 3814 1609 ,
3848 1542 3952 1618 qni
3993 1540 4060 1598 in
4099 1558 4180 1593 cat.

2493 1644 2837 1726 Apocalypsi
2868 1662 2975 1703 sna
3001 1640 3049 1700 ‘A
3062 1641 3205 1701 ltare
3231 1658 3469 1699 aureum
3493 1657 3547 1696 se
3585 1636 3786 1695 vidisse
3811 1634 4062 1714 perhibet

2492 1750 2649 1802 stans
2679 1749 2809 1802 ante
2840 1736 3160 1803 Turonum,-
3195 1737 3259 1793 in
3289 1753 3398 1812 quo
3420 1742 3470 1793 et
3503 1751 3603 1810 per
3629 1750 3793 1808 quem
3818 1729 4058 1788 oblatio-

2491 1854 2588 1895 nes
2617 1831 2901 1894 Fidelinm
2928 1830 3048 1891 Deo
3061 1830 3238 1892 Patri
3262 1837 3681 1887 consecrantur:
3701 1831 3762 1885 et
3786 1821 3863 1884 de
3881 1820 4060 1884 Chri-

2492 1935 2584 1990 sto
2623 1927 2712 1990 ait
2751 1923 3069 2007 Apostolus
3112 1929 3168 1984 1.
3205 1921 3290 1984 ad
3333 1919 3608 1982 Corinth:
3654 1917 3831 1978 Petra
3872 1926 4062 1978 autem

2490 2033 2615 2086 erat
2646 2020 2943 2084 Christus.-
2970 2031 3042 2081 ut
3069 2019 3348 2082 observat
3374 2018 3447 2077 D.
3480 2014 3694 2076 Thom.
3728 2019 3786 2074 3.
3818 2030 3959 2092 par.
3986 2030 4050 2091 q.

2490 2123 2590 2180 83.
2634 2123 2750 2179 art.
2797 2122 2855 2177 3.
2900 2115 2977 2176 ad
3018 2120 3076 2175 5.
3107 2112 3215 2194 qui
3257 2110 3334 2174 ad
3360 2111 3526 2172 hunc
3565 2107 3811 2169 modum
3839 2125 4057 2167 conve-

2492 2212 2785 2275 nientiam
2821 2209 2990 2272 illam
3030 2206 3238 2270 statuit
3275 2225 3412 2268 cum
3453 2202 3802 2285 disciplina,
3831 2220 3909 2262 ne
3934 2200 4057 2263 alia

2491 2307 2806 2388 erigantur
2835 2303 3066 2366 Altaria
3094 2320 3279 2382 quam
3307 2296 3565 2379 lapidea,
3595 2316 3718 2358 nec*
3734 2294 3848 2377 ipsi
3877 2312 4058 2374 super

2490 2403 2671 2464 Petra
2696 2405 3038 2462 consecrata
3065 2396 3250 2459 Missa
3276 2393 3634 2456 celebretur.

2615 2499 2709 2556 11.
2760 2496 2895 2555 Duo
2931 2500 3167 2555 tantum
3206 2507 3450 2560 eorum,
3486 2504 3656 2566 quae>
3684 2483 3942 2545 attinent
3976 2482 4054 2545 ad
4170 2476 4394 2578 mffl'ffl

2490 2589 2725 2653 Altaria
2751 2594 3074 2669 supersunt
3098 2579 3652 2648 animadvertenda.
3681 2576 4056 2639 Primumil-
4097 2550 4243 2659 ,ἕῳ
4292 2550 4396 2650 {ffa-

2491 2683 2598 2747 lud
2642 2691 2767 2757 est,
2818 2699 3086 2744 mensam
3115 2678 3341 2741 Altaris
3379 2675 3592 2748 unica,
3636 2673 3731 2734 vel
3773 2671 4056 2752 pluribus
4095 2656 4236 2749 2¹:3¹1:
4272 2649 4394 2750 ,Ἓξ-,ζ

2490 2778 2827 2843 columellis
2865 2774 3147 2838 sustineri
3192 2770 3598 2842 consuevisse,
3648 2785 3842 2829 vacuo
3885 2784 4056 2827 men-
4097 2763 4295 2807 “dmut-

2491 2884 2620 2936 sam
2647 2873 2814 2934 inter·
2827 2879 2889 2933 et
2915 2869 3329 2950 pavimentum
3358 2863 3550 2945 spatio
3577 2861 3910 2942 interjecto.
3937 2858 4057 2921 Cu-.

2486 2968 2589 3052 jus
2615 2966 2701 3029 rei
2732 2969 3087 3047 argumento
3114 2967 3257 3023 sunt
3279 2956 3572 3042 ejusmodi
3603 2954 3835 3016 Altaria
3852 2999 3869 3026 ,
3899 2970 4073 3034 quae.

2493 3062 2559 3124 in
2603 3061 2788 3125 sacris
2815 3063 3039 3121 Romae
3070 3054 3312 3139 Cryptis
3354 3051 3560 3113 videre
3596 3048 3755 3110 licet.
3786 3049 3866 3108 Et
3914 3065 4059 3109 sane

2494 3152 2819 3219 memoriae
2858 3150 3167 3235 proditum
3207 3154 3326 3222 est,
3368 3143 3667 3228 vigilium
3713 3143 4058 3214 Romanum

2494 3250 2885 3321 Pontificem,
2927 3266 3111 3328 quem
3145 3246 3276 3327 ejus
3319 3239 3549 3303 inimici
3589 3237 3919 3319 fugientem
3958 3235 4055 3295 in·

2495 3343 2903 3425 sequebantur
2926 3386 2943 3414 ,
2989 3339 3056 3400 in
3097 3336 3427 3400 Ecclesiam
3467 3333 3531 3395 S.
3577 3329 3953 3413 Euphemiae
3993 3347 4059 3389 se

2494 3438 2609 3499 sub
2635 3435 2842 3498 Altare
2867 3432 3179 3513 recepisse3
3209 3430 3296 3491 ihi
3326 3428 3665 3490 latitantem
3691 3425 3772 3486 ab
3796 3421 4062 3484 inimicis

2494 3531 2933 3612 deprehensum
2950 3573 2967 3600 ,
2998 3545 3069 3589 ac
3105 3524 3362 3606 pedibus
3386 3522 3706 3600 abreptum
3742 3535 3931 3579 manu
3956 3535 4057 3578 co·

2495 3623 2806 3686 lumellam
2832 3617 3372 3700 comprehendisse,
3403 3633 3473 3676 ac
3499 3613 3563 3674 in
3592 3612 3721 3694 ejus
3751 3618 3933 3690 caput
3958 3608 4056 3672 su-

2494 3718 2611 3781 isse
2637 3718 2912 3780 futurum
2945 3723 3018 3776 ut
3044 3730 3251 3775 mensa
3275 3716 3512 3780 rueret,
3541 3705 3658 3768 nisi
3686 3723 3826 3768 eam,
3842 3703 4055 3765 Clerici

2492 3812 2777 3875 manibus
2804 3807 3264 3878 sustinuissent:
3297 3811 3427 3865 tum
3456 3819 3666 3862 rursus
3689 3800 3772 3861 ab
3795 3796 4059 3860 inimicis

2493 3908 2560 3970 in
2588 3906 2884 3969 Vaticana
2927 3904 2989 3964 S.
3027 3900 3190 3964 Petri
3218 3896 3471 3961 Basilica
3497 3893 3935 3980 deprehensum
3979 3892 4057 3954 ad

2493 4002 2753 4065 eundem
2782 3999 3027 4060 modum
3070 3994 3412 4065 columnas,
3443 4008 3601 4070 quae
3628 3987 3833 4050 Altare
3873 3987 4053 4048 sumi-

2492 4098 2752 4168 nebant,
2784 4091 3141 4172 arripuisse3
3172 4087 3397 4168 quibus
3434 4081 3754 4162 disruptis,
3785 4095 4052 4142 mensam

2449 4221 2454 4228 -
2490 4188 2558 4252 in
2582 4190 2713 4272 ejus
2735 4192 2916 4267 caput
2939 4200 3209 4246 eversam
3225 4227 3241 4253 ‚
3268 4188 3338 4241 ut
3364 4197 3492 4240 rem
3521 4176 3680 4237 hanc
3704 4174 4052 4254 expenden-

2491 4291 2578 4346 tes
2604 4282 2811 4363 pulcre
2834 4280 3235 4341 observarunt
3258 4270 3587 4336 Gran'colas
3619 4274 3674 4330 1.
3705 4287 3838 4348 par.
3871 4267 4051 4328 Vete-

2491 4377 2578 4438 ris
2604 4369 3066 4437 Sacramentarii
3092 4367 3390 4430 Ecclesiae
3419 4384 3560 4446 pag.
3606 4366 3706 4423 42.
3753 4368 3817 4422 et
3858 4364 3955 4421 ts.
3992 4368 4054 4422 et
4167 4401 4172 4406 ·

2491 4463 2832 4550 Bocquillot
2855 4468 3137 4527 Tractatu
3162 4459 3465 4524 Historico
3500 4457 3717 4519 Sacrae
3743 4453 4053 4535 Liturgiae

2491 4563 2601 4630 lib.
2637 4569 2693 4624 1.
2724 4580 2854 4642 cap.
2887 4566 2944 4620 5.
2978 4576 3148 4619 num.
3191 4561 3290 4617 85.
3321 4560 3383 4615 et
3406 4558 3505 4614 86.
3537 4551 3813 4613 Alterum
3839 4549 4047 4610 ohser-
4089 4564 4273 4630 eniam
4288 4559 4385 4604 otim

2491 4664 2637 4719 vatu
2660 4654 2911 4738 dignum
2944 4651 3095 4713 illud
3122 4657 3243 4722 est,
3291 4644 3628 4726 antiquitus
3669 4641 3922 4704 unicum
3948 4641 4046 4703 fu-
4089 4618 4384 4720 1¹‚,„}}‘¹“³⁸

2489 4750 2605 4813 isse
2632 4750 2697 4812 in
2723 4748 2978 4830 singulis
3024 4743 3262 4823 templis
3288 4740 3526 4810 Altare,
3554 4744 3626 4799 ut
3662 4736 3852 4804 ‚iidem
3895 4736 4049 4809 duo,

2490 4864 2644 4926 quos
2681 4863 2866 4924 supra
2893 4836 3358 4903 memoravimus
3372 4880 3389 4908 ,
3420 4832 3751 4912 Scriptores
3772 4829 4049 4891 animad-

2491 4945 2831 5011 ¹verterunt,
2861 4935 3142 5017 pluribus
3175 4931 3252 4992 ad
3297 4929 3360 4991 id
3403 4926 3787 5008 probandum
3829 4942 4046 4985 monu-

2483 5034 2712 5095 mentis
2736 5053 2771 5094 e
2793 5049 2961 5092 sacra
3000 5025 3363 5107 antiquitate
3400 5019 3790 5101 depromptis.
3837 5017 4047 5080 Ritum

2491 5128 2658 5189 hunc
2681 5124 2892 5188 Graeci
2936 5123 3267 5206 etiamnum
3310 5115 3592 5178 retinent.
3629 5111 3886 5175 Unicum
3913 5117 4049 5172 tan-

2494 5230 2623 5283 tum
2639 5266 2656 5296 ‚
2686 5229 2757 5282 ut
2795 5211 3426 5281 observatGrancolas
3440 5255 3458 5282 ,
3490 5209 3556 5271 in
3599 5206 3825 5287 templo
3848 5205 4052 5286 quoli-

2493 5318 2597 5379 bet
2620 5319 3091 5377 commemorant
3114 5309 3322 5373 Altare
3349 5303 3649 5387 Ignatius,
3677 5299 4019 5384 Cyprianus
4032 5342 4051 5372 ,

2495 5412 2779 5473 Irenaeus
2796 5451 2813 5482 ‚
2860 5404 3268 5469 Tertullianus
3293 5446 3311 5476 ,
3336 5399 3786 5479 Hieronymus.
3839 5394 4050 5474 Neque

2494 5505 2643 5567 adeo
2671 5503 2831 5566 idem
2851 5498 3176 5564 Grancolas
3202 5510 3448 5559 monere
3473 5486 3915 5572 praetermittit,
3939 5484 4052 5548 etsi
