4487 6316
461 4472 526 4511 De
542 4464 669 4509 alten
688 4467 754 4509 0-

459 4526 617 4591 rntione
640 4523 751 4568 ane

583 5520 704 5562 nmu'

999 510 1068 562 5⁸
1687 514 1769 564 DE
1795 510 2279 568 sscnosaflc'ro
2318 512 2530 566 MISSAE
2567 511 2944 566 sActumcto

821 670 1007 728 cornu
1030 651 1330 734 Epistolae
1352 653 1639 729 refertum
1668 663 1849 735 atque
1876 654 2016 716 inde
2036 654 2194 718 idem
2216 655 2369 717 ritus
2475 676 2581 717 m
2629 676 2799 730 vero,
2834 676 2990 737 quae
3032 664 3243 720 trunca
3284 666 3342 719 et
3384 657 3691 722 deminuta
3736 678 3854 721 vox
3898 668 4016 734 est,
4062 666 4353 715 ”memb-'⁰-

821 746 903 807 in·
922 746 1130 810 Missas
1153 750 1416 831 privatas
1442 760 1530 812 est
1552 750 1879 814 derivatus.
1906 752 2093 812 Porro
2115 749 2370 812 ulterius
2474 751 2764 813 tribuitur
2790 752 3171 813 hominibus:
3207 755 3495 814 caelestem
3523 753 3860 826 Dominum,
3907 767 4018 816 ter-
4063 728 4268 823 ffl.m'¹
4304 726 4331 766 ι’

816 842 999 912 anxie
1019 863 1310 924 quaerere
1329 845 1486 906 nihil
1507 853 1595 908 est
1614 866 1765 927 opus
1780 892 1796 919 ,
1822 866 1931 908 cur
1949 866 2069 906 non
2091 845 2156 906 in
2178 864 2366 906 cornu

817 935 1150 1015 Epistolae,
1176 939 1364 1000 sedin
1400 958 1590 1000 cornu
1628 936 1940 1021 Evangelii
1978 939 2220 1021 legatur
2245 937 2364 998 ini-

814 1031 971 1093 tium
994 1033 1305 1115 Evangelii
1350 1034 1411 1095 S.
1438 1035 1717 1096 Joannis:
1752 1053 1908 1096 nova
1948 1035 2108 1096 enim
2133 1029 2262 1115 ejus
2284 1034 2365 1093 E·

819 1128 1078 1211 vangelii
1103 1129 1328 1190 additio
1359 1138 1476 1203 aet,
1500 1138 1570 1191 ut
1591 1149 1700 1192 suo
1725 1130 1854 1204 loco
1880 1130 2176 1202 dicemuS,
2205 1137 2265 1189 et
2298 1127 2361 1187 in

815 1223 1023 1290 eadeni
1046 1232 1216 1306 parte
1239 1220 1464 1286 Altaris
1484 1224 1689 1287 decere
1712 1225 1908 1286 visum
1931 1233 2039 1297 est,
2063 1231 2134 1284 ut
2153 1242 2364 1284 secun-

818 1318 965 1379 dum
990 1319 1385 1401 Evangelium
1433 1318 1696 1402 legatur,
1744 1320 1850 1381 ubi
1878 1327 2055 1381 antea
2098 1317 2362 1398 primum

818 1413 1133 1476 recitatum
1176 1414 1392 1476 fuerat.
1433 1419 1628 1496 Atque
1667 1415 1784 1476 hoc
1827 1413 2102 1475 naturale
2145 1412 2363 1473 funda-

817 1517 1087 1571 mentum
1110 1517 1227 1584 est,
1252 1529 1361 1578 cur
1383 1511 1559 1571 modo
1582 1510 1644 1570 in
1656 1510 1782 1571 hoc
1798 1555 1815 1583 ,
1841 1508 2017 1569 modo
2039 1507 2102 1567 in
2125 1506 2232 1567 illo
2257 1505 2361 1566 Al-

814 1603 962 1667 taris
988 1604 1115 1666 loco
1144 1605 1206 1665 in
1248 1605 1498 1667 diversis
1524 1605 1738 1666 Missae
1773 1603 2043 1684 partibus
2079 1601 2363 1664 Sacerdos

809 1696 921 1760 has
955 1699 1047 1761 vel
1077 1699 1212 1761 illas
1254 1719 1457 1780 preces
1495 1700 1655 1761 dicat
1695 1706 1755 1760 et
1796 1697 2116 1759 orationes
2149 1695 2360 1770 Quan-

810 1812 996 1873 quam
1021 1813 1215 1874 neque
1235 1793 1333 1855 hic
1354 1793 1517 1855 deest
1541 1793 1824 1876 mysticus
1845 1810 2084 1863 sensus;
2111 1789 2360 1869 quidam

810 1887 975 1954 enim
1018 1887 1226 1949 dicunt
1252 1882 1285 1961 ,’
1315 1907 1505 1949 cornu
1546 1886 1847 1967 Epistolae
1891 1883 2188 1965 Populum
2233 1881 2358 1941 He-

810 1981 1131 2043 braeorum
1159 2029 1176 2057 ,
1220 1982 1325 2063 qui
1369 1981 1546 2063 primi
1577 1981 1768 2042 vocati
1801 1988 1958 2039 »sunt
1984 1978 2061 2040 ad
2083 1978 2357 2057 Evange-

808 2074 992 2150 lium,
1015 2096 1204 2138 cornu
1225 2085 1423 2139 autem
1451 2065 1764 2156 Evangelii
1796 2073 2082 2135 Ethnicos
2124 2067 2356 2151 signifi-

807 2170 964 2243 cari,
1011 2170 1116 2251 qui
1144 2170 1539 2252 Evangelium
1582 2169 1661 2230 ab
1687 2167 1930 2229 Judaeis
1969 2173 2355 2245 aspernatum

805 2272 1192 2345 acceperunt3
1223 2264 1483 2327 reditum
1525 2281 1670 2325 vero
1696 2263 1773 2326 ad
1798 2275 1987 2324 cornu
2014 2257 2316 2339 Epistolae
2333 2303 2349 2331 ,

802 2359 1070 2424 futuram
1083 2359 1499 2442 Hebraeorum
1518 2359 1856 2440 exprimere
1873 2354 2345 2418 conversionem.

1356 2547 1632 2629 CAPUW
1652 2547 1792 2608 VII.

1345 2735 1430 2797 De
1469 2736 1803 2820 Evanqelio.

809 2934 875 2990 1.‘
916 2879 1415 3009 LectaEpistola
1434 2926 1629 3006 iisque
1645 2943 1801 3005 quae
1819 2941 1953 2985 eam
1971 2938 2349 3000 consequun-

801 3033 934 3098 tur,
960 3024 1244 3086 Sacerdos
1269 3023 1346 3085 ad
1376 3022 1639 3083 medium
1666 3018 1870 3080 Altare
1914 3015 2101 3088 redit,
2150 3013 2255 3076 ubi
2280 3019 2350 3073 ut
2383 3093 2387 3098 ἢ

794 3118 1124 3202 Evangelio
1164 3117 1414 3201 legendo
1456 3135 1580 3178 sese
1623 3119 1823 3194 paret,
1869 3111 2080 3173 recitat
2101 3106 2343 3171 Oratio-

796 3224 935 3277 nem
960 3214 1191 3276 Munda
1218 3234 1312 3274 cor
1336 3233 1517 3273 nietam
1534 3260 1549 3282 ,
1578 3230 1698 3291 qua
1732 3210 1926 3270 Deum
1956 3207 2342 3285 deprecatur,

794 3317 863 3371 ut
883 3329 985 3370 cor
1006 3316 1066 3370 et
1087 3307 1249 3369 labia
1271 3306 1393 3367 sibi·
1409 3302 1703 3386 purificet,
1728 3321 1849 3383 quo
1871 3300 2051 3383 digne
2072 3306 2345 3368 sanctum

793 3387 1165 3465 annunciare
1180 3399 1370 3481 possit
1389 3397 1807 3480 Evangelium,
1833 3392 2344 3476 quemadmodum

793 3497 958 3560 labia
1001 3497 1190 3558 Isaiae
1237 3493 1464 3557 calculo
1506 3491 1821 3554 mundavit
1862 3488 2081 3570 ignito.
2129 3487 2344 3547 Sacrae

795 3591 959 3653 enim
1003 3590 1255 3672 paginae
1297 3589 1577 3661 tradunt,
1608 3586 1827 3648 Isaiam
1868 3583 2086 3644 vidisse
2131 3581 2339 3642 Domi-

797 3705 946 3746 num
974 3685 1037 3744 in
1069 3684 1313 3746 sublimi
1357 3683 1508 3745 solio
1547 3682 1879 3752 sedentem,
1906 3697 2087 3759 quem
2110 3676 2341 3738 Cheru-

793 3779 921 3841 bim
964 3778 1457 3851 circumstabant,
1493 3784 1715 3838 terram
1744 3793 1887 3835 vero
1917 3774 2031 3834 sub
2075 3774 2204 3853 ejus
2237 3790 2339 3850 pe-

793 3872 1002 3946 dibus;
1034 3880 1161 3933 tum
1192 3870 1551 3933 exclamasse
1581 3868 1744 3930 labia
1772 3867 1887 3928 sibi
1906 3886 2043 3928 esse
2073 3865 2338 3924 immun-

793 3967 903 4042 da;
935 3966 1190 4031 subinde
1239 3964 1562 4044 quemdam
1604 3983 1680 4025 ex
1721 3961 1796 4022 iis
1834 3958 2180 4040 Seraphim,
2230 3958 2340 4038 qui
2363 3964 2378 3971 ”

795 4082 996 4124 coram
1028 4060 1286 4122 Domino
1312 4059 1620 4132 astabant,
1651 4064 1884 4137 petram
1912 4055 2051 4137 igne
2078 4053 2339 4115 canden-

797 4166 916 4220 tem
953 4154 1159 4218 forfice
1200 4175 1275 4216 ex
1306 4153 1496 4215 Altari
1541 4161 1840 4231 sumptam
1885 4149 1963 4211 ad
2005 4149 2134 4229 ejus
2178 4146 2341 4208 labia

792 4252 1155 4324 admovisse3
1187 4260 1369 4331 atque
1400 4249 1485 4311 ita
1526 4246 1888 4330 significasse
1930 4245 2060 4326 ejus
2100 4243 2341 4323 expiata

794 4368 918 4410 esse
950 4357 1209 4428 peccata.

913 4449 971 4503 2.
997 4440 1173 4516 Quod
1203 4443 1425 4519 spectat
1453 4436 1529 4497 ad
1552 4436 1801 4498 alteram
1822 4431 2171 4495 Orationem
2192 4431 2340 4492 Iube

791 4537 1027 4598 Domine
1060 4525 1411 4603 ¹benedicere,
1444 4528 1854 4592 admonendus
1883 4533 1971 4588 est
2000 4525 2300 4587 Diaconus
2316 4570 2334 4599 ,

787 4633 894 4715 qui
924 4629 1319 4712 Evangelium
1363 4633 1711 4689 cantaturus
1742 4642 1779 4684 a
1810 4621 2124 4684 Sacerdote
2150 4621 2335 4682 bene·

787 4727 1110 4790 dictionem
1157 4724 1345 4806 petit,
1390 4741 1467 4782 ne
1509 4719 1667 4781 dicat
1713 4716 1858 4778 Jube
1903 4714 2176 4785 Domine,
2231 4714 2335 4776 sed

790 4822 936 4883 Iube
966 4820 1176 4879 Domne
1218 4818 1555 4878 benedicere:
1602 4820 1810 4876 contra
1853 4808 2112 4872 veroin
2155 4808 2337 4870 Missa

790 4915 1027 4997 privata
1067 4910 1351 4974 Sacerdos
1392 4928 1515 4969 non
1558 4906 1705 4968 Jube
1746 4904 1989 4974 Domne,
2032 4902 2135 4967 sed
2176 4901 2336 4964 dicat

787 5010 933 5072 Jube
979 5008 1214 5067 Domine
1262 5005 1567 5065 benedicere
1587 5050 1602 5072 ,
1649 4999 1811 5081 quod
1853 4998 2034 5060 etiam
2073 4995 2216 5057 dicit
2269 4995 2334 5055 in

785 5104 967 5166 Missa
999 5099 1283 5173 solemni,
1316 5116 1452 5159 cum
1482 5094 1775 5155 submissa
1798 5098 1948 5154 'voce
1975 5090 2121 5152 dicit
2145 5089 2332 5150 Mun-

785 5201 861 5260 da
889 5218 983 5258 eor
1011 5216 1224 5265 meum,
1256 5199 1581 5271 antequam
1608 5188 1909 5250 Diaconus
1933 5183 2331 5267 Evangelium

784 5298 1000 5355 cantet.
2240 5277 2245 5283 ’

902 5390 958 5445 3.
994 5384 1177 5465 Cujus
1202 5379 1290 5442 rei
1321 5376 1694 5458 apertissima
1719 5373 1874 5447 ratio
1901 5380 2011 5433 est:
2042 5389 2183 5432 nam
2211 5389 2332 5431 vox

783 5479 1058 5541 Dominus
1104 5472 1349 5557 proprie
1377 5474 1503 5535 Deo
1544 5477 1779 5535 tantum
1810 5466 2121 5539 convenit3
2151 5464 2329 5525 Dom-

4276 740 4358 767 u·

2471 845 2700 907 restreiii
2730 849 2900 907 dicito
2929 847 3230 907 Domuum.
3265 849 3342 920 Et
3372 848 3436 907 in
3467 848 3721 909 Litaniis
3753 868 4023 910 summus

2472 941 2748 1003 Pontifex
2770 941 2990 1003 dicitur
3010 942 3261 1002 Domnus
3282 941 3330 1001 A
3334 944 3654 1023 postaticum.
3686 943 4019 1004 videantur

2471 1036 2568 1096 Du
2597 1035 2797 1118 Gange
2838 1045 2899 1098 et
2927 1036 3165 1098 Macrus
3194 1036 3258 1096 in
3300 1036 3424 1097 suis
3452 1037 3711 1117 quisque
3740 1038 4020 1099 Vocabu-

2473 1125 2658 1192 lariiS.
2694 1132 3099 1205 Quamobrem
3130 1132 3427 1193 Diaconus
3454 1151 3572 1192 non
3602 1152 3637 1193 a
3666 1134 3820 1206 Deo,
3853 1132 3954 1193 sed
3983 1149 4020 1194 a

2471 1225 2785 1287 Sacerdote
2844 1226 3315 1299 benedictionem
3375 1235 3582 1306 petens
3631 1226 3776 1288 dicit
3802 1274 3819 1301 ,
3872 1227 4019 1288 ane

2469 1318 2683 1379 Domne
2712 1322 3018 1380 benedicere
3027 1343 3049 1388 ,·
3081 1321 3366 1382 Sacerdos
3395 1340 3537 1381 vero
3551 1366 3567 1394 ,
3598 1320 3703 1401 qui
3736 1342 3869 1382 eam
3913 1341 4017 1401 pe-

2470 1413 2545 1474 tit
2586 1434 2623 1475 a
2652 1416 2807 1488 Dec,
2850 1414 2993 1476 dicit
3036 1414 3181 1476 Jube
3208 1415 3444 1474 Domine
3490 1424 3599 1475 etc.
3640 1415 3797 1475 Illud
3837 1416 4020 1477 ctiam

2469 1508 2788 1569 discrimen
2818 1517 2906 1570 est
2936 1509 3091 1570 inter
3124 1509 3595 1576 benedictivnem
3625 1530 3782 1590 quae
3811 1531 3845 1571 a
3870 1512 4014 1583 Dec,

2467 1610 2529 1664 et
2558 1602 2726 1665 illam
2756 1624 2912 1684 quae
2952 1604 3031 1666 ab
3060 1603 3325 1674 homine,
3349 1604 3603 1683 petitur,
3635 1604 3796 1684 quod
3828 1624 3864 1664 a
3895 1606 4019 1664 Deo

2466 1697 2719 1777 gratias,
2751 1699 2974 1778 quibus
3000 1699 3174 1759 nobis
3204 1718 3355 1779 opus
3383 1707 3500 1771 est,
3526 1698 3916 1777 postulamus3
3939 1700 4018 1760 ab

2467 1790 2713 1853 homine
2756 1801 2958 1853 autem
2997 1794 3284 1873 petimuS‚
3335 1795 3524 1853 Deum
3581 1800 3649 1852 ut
3693 1813 3802 1872 pro
3847 1792 4021 1853 nobis

2466 1893 2628 1959 oret,
2657 1886 2762 1966 qui
2795 1906 2974 1968 super
2998 1908 3108 1948 nos
3131 1887 3605 1949 benedictionem
3629 1907 3799 1948 suam
3822 1883 4017 1961 effun-

2464 1980 2596 2042 dat:
2632 1979 2796 2044 locus
2835 1989 2923 2043 est
2963 1982 3028 2043 in
3063 1981 3256 2043 Exodi
3300 2001 3431 2062 cap.
3486 1985 3579 2042 12.
3611 1981 3886 2042 Abeuntes
3927 1983 4018 2041 bc-

2463 2078 2698 2136 nedicite
2727 2078 2890 2136 mihi.

2578 2173 2636 2230 4.
2669 2170 2807 2231 Post
2828 2191 2927 2232 eas
2954 2170 3269 2232 Orationes
3294 2169 3577 2231 Sacerdos
3596 2168 3673 2230 ad
3702 2169 4010 2230 dexteram
4079 2197 4351 2258 tangam...

2458 2263 2682 2325 Altaris
2703 2274 2933 2344 partem
2960 2286 3023 2326 se
3042 2264 3293 2337 confert,
3316 2283 3473 2343 quae
3497 2264 3707 2324 eadem
3726 2271 3812 2324 est
3837 2271 3903 2323 ut
3925 2263 4014 2323 di·
4051 2254 4353 2315 ⁰¹⁵m¹‘⁸‘¹’³·⁸¹

2457 2359 2679 2432 ximuS,
2708 2379 2845 2421 cum
2867 2360 3112 2421 dextera
3129 2358 3436 2431 Crucifixi,
3459 2366 3518 2419 et
3543 2358 3628 2418 ibi
3656 2357 3798 2438 legit
3821 2359 4018 2419 Evan-
4055 2315 4348 2415 Ιῗὲῖἷῗὼω

2456 2454 2680 2535 gelium
2708 2500 2724 2527 ,
2758 2455 2884 2517 sive
2927 2455 3223 2536 pri-vatam
3261 2453 3519 2515 celebret
3552 2452 3795 2513 Missam
3823 2497 3839 2524 ,
3884 2452 4011 2512 sive
4049 2430 4349 2532 ffffi‘jg:

2456 2546 2782 2609 solemnem
2808 2594 2825 2621 ,
2869 2547 2933 2609 in
2975 2566 3099 2628 qua
3139 2546 3532 2627 Evangelium
3572 2553 3774 2623 cantat
3802 2545 4010 2607 Diaco-
4048 2544 4222 2612 ’ΜΨ
4277 2549 4347 2588 ¹³·-

2458 2660 2612 2714 nus3
2642 2642 2747 2723 qui
2781 2650 2978 2704 tamen
3008 2661 3279 2703 mos¹non
3306 2640 3421 2701 fuit
3446 2632 3837 2720 antiquorum
3869 2639 4011 2700 tem-
4050 2601 4348 2723 {auctum}

2456 2739 2671 2815 po'rum
2702 2758 2718 2811 3
2752 2744 2893 2798 tunc
2914 2737 3078 2798 enim
3102 2734 3500 2818 Evangelium
3519 2753 3556 2795 a
3584 2735 3828 2795 Lectore
3849 2733 4010 2815 lege-
4049 2717 4345 2818 m*

2458 2829 2638 2894 batur
2663 2879 2678 2904 ,
2710 2839 2780 2893 ut
2799 2832 3102 2913 colligitur
3139 2851 3215 2892 ex
3252 2828 3537 2909 Epistolis
3579 2834 3678 2889 33.
3708 2837 3769 2891 et
3813 2833 3908 2889 34.
3940 2828 4004 2890 S.

2459 2925 2744 3010 Cypriani
2770 2972 2786 3000 ,
2815 2935 2975 2987 etex
2994 2925 3260 2989 Concilio
3285 2925 3573 2986 Toletano
3601 2924 3650 2985 1.
3684 2942 3814 3003 cap.
3844 2928 3902 2984 2.
3938 2922 4010 2984 Id

2455 3039 2600 3081 vero
2619 3040 2840 3080 munus
2860 3018 3173 3102 Evangelii
3197 3018 3486 3080 honorem
3508 3017 3785 3086 Diaconis
3806 3023 4011 3097 postea

2454 3114 2878 3178 demandatum
2932 3114 3048 3176 fuit
3083 3135 3098 3174 ε
3152 3114 3546 3196 quamobrem
3601 3111 4010 3193 Hieronymus

2452 3210 2718 3290 Epistola
2755 3211 2833 3273 ad
2862 3209 3259 3271 Sabinianum
3283 3255 3300 3282 ,
3331 3209 3731 3287 Evanqelium,
3759 3205 3963 3287 inquit
3988 3252 4006 3279 ,

2456 3302 2674 3365 Christi
2694 3308 2859 3383 quasi
2895 3305 3181 3365 Diaconus
3221 3305 3506 3364 lectitabas
3529 3324 3550 3370 ‚·
3592 3309 3652 3362 et
3676 3301 3736 3361 S.
3762 3300 4007 3363 Bonifa-

2452 3398 2579 3460 cius
2603 3398 2928 3479 Episcopus
2954 3398 3345 3479 Moguntinus
3381 3396 3649 3477 Epistola
3675 3394 3749 3456 ad
3780 3393 4006 3457 Zacha-

2450 3492 2604 3561 riam
2632 3492 2980 3554 Pontificem
3007 3492 3396 3573 conqueritur
3420 3537 3437 3563 ,
3466 3490 3758 3570 quosdam
3791 3490 4004 3550 Diaco-

2450 3605 2560 3647 nos
2585 3632 2601 3659 ,
2631 3587 2908 3666 quamvis
2933 3587 3136 3667 plures
3155 3585 3519 3647 concubinas
3542 3583 3838 3645 haberent
3861 3629 3879 3656 ,
3913 3591 4001 3644 ta-

2449 3698 2585 3740 men
2614 3680 3010 3761 Evangetium
3043 3679 3258 3762 legere.
3302 3677 3516 3739 Graeci
3539 3677 3871 3738 etiamnum
3900 3696 4002 3741 ve·⁴

2450 3780 2672 3835 tustum
2695 3774 2955 3836 retinent
2980 3793 3229 3844 morem,
3258 3782 3323 3843 ut
3342 3771 3740 3851 Evangelium
3759 3769 4000 3850 publice

2447 3867 2681 3950 legatur
2702 3889 2739 3930 a
2759 3868 3107 3930 Lectoribus
3131 3913 3147 3940 ,
3175 3875 3319 3928 teste
3340 3866 3597 3927 Smithio
3620 3865 3890 3946 Epistola
3926 3864 4002 3926 de

2446 3963 2741 4042 praesenti
2764 3961 3058 4023 Ecclesiae
3076 3961 3338 4022 Graecae
3357 3969 3514 4022 statu
3537 3981 3672 4041 pag.
3706 3964 3837 4020 1¹45.
3955 4028 4002 4039 „q

2566 4063 2624 4117 5.
2651 4055 3047 4137 Evangelium
3078 4055 3142 4116 in
3172 4054 3470 4119 Ecclesiae
3496 4053 3842 4135 primordiis
3867 4050 3994 4133 ‚legi
4120 4070 4335 4128 evangelii

2446 4158 2720 4230 coeptum
2744 4157 2832 4211 est
2859 4194 2875 4222 ,
2901 4149 2951 4209 si
2975 4148 3156 4219 tidem
3182 4194 3199 4223 ,
3226 4156 3296 4211 ut
3318 4131 3580 4229 aequum
3609 4156 3696 4209 est
3721 4193 3738 4220 ,
3768 4147 3992 4211 habea:-
4034 4130 4177 4225 {3253
4188 4193 4248 4226 „t
4278 4131 4334 4230 ἐξ

2448 4263 2582 4304 mus
2605 4243 2677 4304 iis
2699 4242 2805 4323 qui
2829 4242 2904 4303 de
2924 4242 3104 4304 Missa
3123 4241 3462 4312 eruditione
3480 4250 3539 4303 et
3560 4240 3828 4302 doctrina
3849 4235 3993 4298 clari
4068 4240 4300 4339 23920150·

2446 4336 2563 4397 viri
2595 4336 2979 4416 scripserunt.
3025 4336 3343 4415 Apostolus
3362 4342 3419 4397 2.
3453 4335 3530 4397 ad
3559 4333 3832 4403 Corinth.
3857 4351 3987 4412 cap.
4036 4306 4072 4339 ι’
4127 4307 4269 4342 '⁰⁰⁰⁸‘

2444 4434 2501 4489 8.
2548 4430 2622 4490 de
2659 4431 2822 4491 Luca
2847 4428 2910 4489 in
2950 4429 3076 4489 suis
3114 4429 3434 4501 itineribus
3461 4427 3576 4488 sibi
3604 4425 3819 4488 comite
3859 4425 3987 4486 ait:

2444 4524 2603 4602 cujus
2632 4526 2756 4584 laus
2776 4526 2841 4584 in
2865 4524 3179 4603 Evangelio
3197 4543 3300 4603 per
3324 4542 3505 4582 omnes
3531 4521 3834 4580 Ecclesias.
3866 4520 3991 4582 Eu-

2444 4618 2644 4679 sebius
2681 4617 2908 4686 Histor.
2950 4617 3110 4678 Eccl.
3155 4616 3263 4677 lib.
3310 4621 3369 4676 2.
3420 4634 3550 4694 cap.
3597 4619 3692 4674 15.
3741 4622 3990 4687 narrat,

2442 4711 2714 4773 Marcum
2751 4711 3036 4774 Romanis
3061 4708 3469 4791 flagitantibus
3487 4727 3664 4768 suum
3689 4707 3992 4787 scripsisse

2441 4805 2837 4888 Evangelium
2864 4826 2878 4865 ε
2915 4802 3080 4879 Quod
3100 4823 3226 4863 cum
3249 4802 3466 4863 Petrus.
3473 4822 3576 4882 per
3601 4803 3993 4862 revelationem

2442 4896 2511 4957 S.
2538 4896 2793 4978 Spiritus
2819 4898 3150 4976 aequavisset
3174 4943 3190 4966 ,
3228 4897 3526 4956 delectatus
3562 4894 3787 4955 ardenti
3807 4894 3991 4953 horni-

2437 5012 2576 5051 num
2591 4994 2777 5052 studio
2802 5039 2819 5063 ,
2855 4993 3062 5051 librum
3081 4991 3249 5067 illum
3265 4991 3598 5053 aucun-itate
3615 5008 3720 5050 sua
3737 5008 3989 5068 compro-

2439 5087 2590 5147 basse·
2624 5088 2836 5148 dicitur
2859 5134 2877 5158 ,
2915 5095 2979 5145 ut
3003 5086 3250 5165 deinceps
3287 5088 3352 5144 in
3385 5084 3654 5145 Ecclesiis
3690 5085 3981 5162 leqeretur.

2436 5180 2700 5258 Refertur
2721 5182 2780 5240 id
2797 5201 2836 5241 a
2857 5179 3131 5242 Clemente
3153 5182 3216 5238 in
3234 5177 3824 5245 sextolnstitutionum
3846 5178 3988 5237 libro

2438 5276 2532 5334 cui
2559 5275 2707 5334 testis
2744 5277 2915 5334 etiam
2953 5275 3159 5335 accedit
3189 5271 3404 5353 Papias
3433 5271 3739 5357 Egiscopm
3769 5270 3987 5330 Hiera-

2430 5368 2741 5447 politanos.
2782 5367 2859 5427 Et
2878 5367 2938 5426 S.
2983 5366 3254 5427 Justinus
3292 5360 3584 5446 Apologia
3610 5363 3984 5429 secundate-

2436 5469 2627 5524 statur
2650 5505 2671 5535 ,
2694 5460 3010 5543 Evangelii·
3037 5460 3345 5523 lectionem
3370 5478 3446 5521 ex
3465 5458 3787 5521 traditione
3821 5459 3983 5538 Apo-
