4487 6316
995 540 1041 591 x

974 683 1161 755 Ilaec
1208 688 1439 756 onmia
1475 712 1514 757 a
1551 683 1660 759 Te
1711 682 2544 788 (REXtPotentissime)
2596 685 2875 758 initium
2913 683 3187 759 duxisse
3232 684 3465 759 fateor
3493 740 3514 776 ,
3565 700 3824 788 utpote
3875 689 3998 787 qui

820 814 1093 913 primus
1131 816 1296 888 mihi
1334 834 1410 889 et
1449 818 1624 889 haec
1657 815 2063 889 studiorum
2098 815 2461 889 curricula
2494 818 2864 919 aperueris
2893 871 2913 904 ,
2966 833 3043 889 et
3092 815 3180 892 ad
3217 814 3464 891 eadem
3516 819 3818 919 impigre
3870 817 4003 891 de-

819 945 1183 1019 currenda
1221 949 1655 1053 acerrimum-⁸
1686 948 2097 1021 Patrocinio
2136 963 2265 1018 tuo
2301 944 2530 1022 calcar
2565 947 2980 1023 admoveris
3018 954 3357 1050 Aequum
3390 948 3697 1052 proinde
3731 965 3839 1022 est
3865 1004 3887 1041 ,
3921 967 4008 1025 ut

821 1099 955 1176 ego
995 1076 1191 1149 hunc
1228 1079 1355 1152 tibi
1408 1077 1675 1152 librum
1711 1107 1749 1152 a
1786 1078 2083 1151 Summo
2119 1078 2468 1152 Pontifice
2511 1084 2996 1182 conscriptum
3029 1135 3050 1170 ,
3086 1109 3125 1152 a
3159 1106 3271 1153 me
3307 1105 3638 1154 recusum
3668 1135 3689 1170 ,
3740 1097 3815 1153 et
3848 1086 4008 1154 Au-

822 1205 1179 1282 ‹litoribus
1216 1214 1386 1283 meis
1421 1214 1895 1314 propositum,
1930 1210 2231 1284 Scholae
2268 1209 2651 1286 Sacrorum
2689 1215 2985 1285 Rituum
3032 1214 3373 1315 primitias
3399 1267 3420 1303 ‚
3457 1238 3802 1314 meaeque
3838 1238 4007 1316 erga

819 1340 1390 1415 Potentissimum
1425 1346 1827 1418 Lusitaniae
1863 1344 2202 1417 REGEM
2235 1344 2593 1420 servitutis
2620 1397 2641 1433 ,
2676 1369 2841 1446 erga
2878 1342 3612 1418 Munisicentissimum
3647 1342 4009 1419 litterato-

823 1497 986 1543 rum
1024 1475 1344 1547 omnium
1380 1479 1879 1549 Protectorem
1931 1475 2458 1565 observantiae,
2493 1502 2659 1576 erga
2697 1477 3264 1549 Amantissimum
3306 1479 3583 1551 Patriae
3620 1479 4002 1551 Parentem

821 1602 1182 1677 charitatis
1241 1609 1716 1680 testimonium
1778 1608 2163 1680 exhibeam.
2227 1606 2422 1698 Quid
2459 1610 2646 1680 enim
2706 1624 2816 1679 est
2848 1606 3048 1707 quod
3087 1609 3156 1680 in
3199 1608 3339 1681 hoc
3374 1608 3598 1681 Libro
3655 1607 4002 1683 voluntati

821 1732 1024 1807 Tuae
1059 1739 1531 1838 gratissimum
1565 1765 1717 1813 non
1754 1738 2075 1813 accidat?
2111 1742 2223 1811 An
2261 1754 2793 1841 argumentum,
2829 1736 3029 1837 quod
3067 1739 3139 1809 in
3170 1740 3326 1810 Deo
3361 1740 3501 1810 rite
3537 1736 3845 1812 colendo
3886 1755 4006 1813 to-

820 1881 973 1939 tum
1007 1886 1333 1944 versatur
1358 1871 1398 1944 ⁶?
1432 1874 1547 1943 An
1582 1875 1864 1945 Auctor
1889 1927 1909 1960 ,
1943 1899 2096 1973 quo
2132 1868 2374 1945 nullus
2407 1869 2778 1943 hominum
2822 1870 2891 1940 in
2934 1870 3146 1942 terris
3181 1868 3822 1943 commendabilior
3855 1896 4003 1944 esse

817 2002 1089 2100 possit?
1127 2002 1244 2075 An
1280 2005 1334 2076 is
1366 2006 1493 2104 qui
1530 2001 1793 2077 librum
1827 2005 2097 2077 nomini
2137 2002 2456 2075 inscribit
2494 2002 2686 2090 Tuo,
2720 2026 2937 2102 quem
2969 2017 3082 2073 tot
3118 2025 3201 2072 ac
3238 2000 3449 2073 tantis
3481 2000 3844 2077 beneficiis
3869 2000 4004 2076 de-

818 2134 1133 2206 vinctum
1174 2132 1433 2224 habeS,
1470 2149 1558 2205 ut
1593 2136 1855 2207 etiamsi
1895 2137 2104 2209 vitam
2146 2132 2261 2205 ille
2300 2158 2439 2235 pro
2474 2134 2636 2206 Tua
2671 2129 2895 2205 salute
2933 2131 3420 2236 profunderet
3445 2186 3466 2223 ,
3500 2134 3573 2206 in
3616 2132 4002 2207 referenda

817 2280 1052 2338 tamen
1087 2267 1313 2367 gratia
1351 2292 1486 2339 nec
1525 2266 1653 2339 sibi
1693 2292 1827 2340 nec
1863 2267 2028 2339 Tibi
2063 2292 2136 2339 se
2172 2266 2336 2339 satis
2366 2291 2513 2339 esse
2565 2264 2929 2338 facturum
2967 2282 3262 2367 putaret
3286 2266 3325 2337 ?
3358 2262 3544 2339 Illud
3582 2269 3792 2339 etiam
3846 2267 4003 2338 ani-

814 2423 1009 2470 mum
1048 2413 1460 2473 commovet
1495 2425 1760 2487 meum,
1789 2398 1991 2500 quod
2028 2400 2409 2472 maximum
2443 2394 2876 2500 praesidium
2914 2411 2990 2468 et
3024 2394 3243 2470 decus
3276 2393 3578 2469 Scholae
3615 2396 4001 2471 Sacrorum

813 2529 1109 2600 Rituum
1138 2584 1160 2618 ‚
1193 2525 1494 2630 ejusque
1547 2531 1896 2629 Magistris
1927 2558 1969 2601 a
2007 2530 2116 2602 Te
2152 2527 2547 2601 affuturum
2581 2524 2896 2600 confido·
2932 2528 3108 2618 Quis
3161 2529 3350 2599 enim
3387 2528 3656 2600 nesciat
3682 2582 3703 2617 ,
3757 2553 4004 2603 omnes

817 2663 1135 2733 omnium
1175 2664 1444 2762 Regem
1480 2659 1727 2734 laudes
1760 2661 1836 2734 in
1872 2662 1980 2733 Te
2017 2657 2438 2762 conjunctas
2471 2685 2617 2733 esse
2645 2713 2665 2747 ,
2704 2676 2923 2761 atque
2959 2659 3332 2731 eminere?
3368 2657 3557 2733 Nihil
3595 2659 3761 2733 Tibi
3797 2661 4003 2764 Apo-

812 2789 1100 2865 stolicae
1159 2788 1363 2865 Sedis
1421 2794 1873 2866 Auctoritate
1902 2845 1924 2881 ,
1980 2794 2465 2865 Romanorum
2504 2788 2934 2864 Pontificum
2976 2791 3438 2865 veneratione
3463 2843 3486 2880 ,
3536 2807 3753 2892 atque
3787 2792 4004 2865 Urbis

812 2924 1082 2994 Romae
1116 2918 1503 3023 splendore
1538 2924 1901 3023 antiquius
1934 2947 2080 2994 esse
2108 2947 2128 3010 ;
2166 2921 2523 3023 singulare
2560 2921 2875 3023 denique
2917 2937 3122 2993 tuum
3160 2948 3331 3023 erga
3365 2924 3597 2995 Deum
3630 2975 3651 3013 ‚
3687 2922 4015 2996 Sanctis-.

813 3054 1049 3124 simam
1090 3054 1394 3126 Matrem
1422 3108 1442 3141 ,
1482 3053 1776 3126 Sanctos
1809 3056 2179 3128 universos
2205 3108 2226 3143 ,
2262 3051 2659 3155 Sacrosque
2695 3056 2901 3127 Ritus
2936 3052 3248 3127 studium
3302 3056 3655 3143 extitisse;
3707 3055 4004 3129 Necesse

811 3210 964 3259 non
998 3201 1106 3258 est
1143 3184 1397 3259 harum
1438 3213 1477 3259 a
1512 3212 1624 3259 me
1677 3214 1923 3259 rerum
1959 3183 2283 3288 exempla
2321 3185 2688 3288 proferri3
2740 3204 2827 3258 ut
2862 3190 3050 3260 enim
3087 3190 3405 3259 omittam
3457 3186 4006 3290 praeclarissima

810 3314 927 3389 illa
961 3316 1386 3420 ReligioniS,
1423 3343 1503 3393 ac
1542 3318 2111 3421 Magnificentiae
2149 3315 2355 3393 Tuae
2391 3332 2890 3406 monumenta,
2923 3344 3110 3417 quae
3148 3318 3270 3389 Tu
3305 3319 3376 3388 in
3416 3316 3737 3419 plurimis
3771 3322 4001 3409 Asiae,

810 3445 1096 3522 Africae
1122 3501 1144 3538 ,
1178 3464 1398 3551 atque
1439 3452 1809 3524 Americae
1846 3448 2017 3524 locis
2048 3451 2523 3539 constituisti,
2559 3474 2690 3523 nos
2721 3451 2851 3552 ipsi
2888 3450 3154 3521 Romae
3191 3447 3492 3522 vidimus
3543 3449 4003 3551 magnificen-

810 3581 1061 3654 tissima
1098 3579 1369 3655 Sacella
1405 3584 1674 3685 magnis
1699 3611 1740 3655 a
1766 3583 1874 3656 Te
1907 3583 2310 3685 sumptibus
2334 3582 2451 3655 hic
2487 3596 2840 3668 extructa,
2870 3577 3172 3654 vidimus
3194 3577 3463 3651 Altaria
3503 3582 3790 3680 egregio
3815 3607 3996 3685 ope-

808 3738 890 3785 re
926 3715 1397 3816 pretiosisque
1438 3716 1914 3789 marmoribus
1947 3714 2271 3818 perfecta
2299 3768 2319 3805 ,
2354 3713 2655 3791 vidimus
2692 3736 2925 3815 prope
2961 3711 3371 3782 immensam
3406 3711 3589 3797 auri,
3623 3725 3840 3812 atque
3876 3740 3998 3786 ar-

804 3846 999 3946 genti
1036 3843 1323 3948 plenam
1362 3847 1533 3919 artis
1567 3848 1735 3936 vim,
1770 3848 1842 3920 in
1877 3873 2021 3949 qua
2060 3844 2400 3949 profecto
2434 3843 2666 3928 labor,
2701 3860 2922 3946 atque
2961 3840 3342 3915 artificium
3376 3841 3591 3945 longe
3628 3849 3996 3921 materiam

803 3991 1181 4078 superaret
1213 4029 1234 4065 ,
1270 3977 1341 4047 in
1378 3975 1634 4049 Sacros
1667 4002 1835 4049 usus
1866 3976 2349 4063 destinatum3
2401 3965 2703 4051 vidimus
2736 3973 3052 4076 denique
3104 3969 3387 4047 Sacram
3441 3977 3670 4047 omnis
3717 3980 3998 4077 generis

801 4105 1337 4210 Supellectilem
1401 4103 1631 4179 multo
1691 4133 1874 4180 auro
1910 4105 2444 4207 clarissimisque
2497 4107 2785 4207 gemmis
2817 4107 3220 4190 nitentem;
3259 4121 3478 4205 atque
3519 4104 3695 4178 haec
3758 4110 3996 4181 omnia

802 4265 885 4311 ex
925 4239 1032 4312 his
1078 4238 1518 4341 Regionibus
1556 4265 1688 4341 per
1724 4237 2158 4340 longissimos
2206 4239 2430 4311 Maris
2482 4254 2757 4310 tractus
2794 4238 2865 4309 in
2907 4237 3340 4309 Lusitaniam
3376 4251 3755 4338 asportata.
3799 4238 3998 4330 Quid

802 4373 855 4444 si
893 4397 1001 4461 ea,
1035 4398 1182 4472 que
1224 4373 1297 4443 in
1332 4371 1695 4443 Lusitania
1730 4372 2047 4471 gesseriS,
2086 4372 2326 4472 paucis
2361 4368 2887 4472 perstringam?
2920 4368 3022 4440 Ut
3059 4366 3746 4469 magnificentissima
3771 4370 3998 4444 Tem-

802 4501 916 4605 pla
955 4499 1066 4578 vel
1106 4532 1143 4575 a
1189 4500 1677 4576 fundamentis
1712 4505 2063 4590 erexeris,
2100 4499 2216 4576 vel
2251 4503 2455 4577 novis
2486 4499 2828 4603 operibus
2863 4500 3365 4574 instauraveris
3389 4498 3428 4570 ’ἶ
3467 4498 3565 4571 Ut
3600 4524 3723 4572 eos
3755 4499 3998 4575 hono-

800 4638 894 4708 ris
932 4638 1001 4707 in
1040 4633 1399 4707 Ecclesiae
1436 4634 1841 4736 Optimates
1876 4635 2342 4736 congesseris,
2374 4633 2641 4734 quibus
2674 4629 2811 4734 jam
2844 4629 3084 4703 Seculi
3119 4632 3490 4730 Magnates
3518 4629 3998 4731 quodammo-

797 4765 896 4839 do
933 4766 1203 4868 possint
1238 4762 1565 4840 invidere
1592 4766 1631 4838 ’ἶ
1682 4764 1783 4839 Ut
1818 4767 1961 4842 sive
1995 4765 2198 4839 firma
2227 4818 2251 4855 ,
2285 4767 2429 4840 sive
2467 4763 2745 4838 infirma
2781 4761 3196 4840 valetudine
3248 4763 3566 4835 afficiaris
3593 4817 3614 4853 ,
3665 4764 3995 4865 quotidie

807 4895 1109 5001 Templa
1146 4896 1573 4999 frequentes
1598 4952 1619 4985 ,
1657 4895 1983 5000 plurimis
2016 4897 2251 4971 Sacris
2299 4895 2638 4998 singulari
2671 4893 3044 4997 Religione
3096 4895 3381 4966 intersis
3403 4945 3425 4983 ,
3475 4892 3996 4974 Ecclesiasticus

796 5034 1004 5104 Ritus
1037 5028 1248 5132 longa
1286 5030 1450 5103 Tibi
1490 5032 1934 5132 experientia
1969 5031 2293 5133 cognitos
2327 5027 2415 5103 ad
2445 5033 2797 5102 Romanas
2827 5025 3014 5128 leges
3050 5028 3230 5128 exigi
3267 5051 3477 5100 cures
3499 5029 3538 5100 ?
3573 5029 3723 5102 Nec
3757 5034 3997 5105 muni-

795 5160 1078 5235 ficentia
1140 5176 1427 5233 tantum
1458 5214 1480 5250 ,
1537 5158 1661 5235 sed
1724 5159 2052 5264 exemplo
2114 5162 2328 5234 etiam
2391 5161 2559 5233 Tuo
2595 5157 2767 5232 alios
2800 5157 2891 5231 ad
2924 5160 3266 5232 Divinum
3302 5157 3579 5231 cultum
3629 5160 3991 5237 accendas,

793 5295 1050 5366 Nonne
1078 5292 1258 5364 haec
1284 5292 1524 5363 omnia
1561 5318 1675 5363 me
1702 5293 1775 5363 in
1798 5317 1997 5394 spem
2033 5295 2490 5366 certissimam
2528 5293 2817 5393 erigunt
2847 5289 3034 5379 fore,
3061 5308 3148 5362 ut
3179 5289 3784 5391 quemadmodum
3806 5321 3994 5368 sem-

794 5450 927 5526 per
985 5422 1155 5495 mihi
1185 5476 1206 5512 ,
1271 5424 1366 5494 sic
1432 5423 1644 5494 etiam
1709 5447 1938 5497 novae
1998 5421 2299 5497 Scholae
2333 5424 2726 5496 Sacrorum
2778 5425 3074 5496 Rituum
3115 5424 3606 5497 Patrocinium
3654 5422 3995 5528 adjungas
