<?xml version="1.0" encoding="UTF-8"?>
<!DOCTYPE html PUBLIC "-//W3C//DTD XHTML 1.0 Transitional//EN"
    "http://www.w3.org/TR/xhtml1/DTD/xhtml1-transitional.dtd">
<html xmlns="http://www.w3.org/1999/xhtml" xml:lang="en" lang="en">
 <head>
  <title>
</title>
<meta http-equiv="Content-Type" content="text/html;charset=utf-8" />
  <meta name='ocr-system' content='tesseract 3.04.00' />
  <meta name='ocr-capabilities' content='ocr_page ocr_carea ocr_par ocr_line ocrx_word'/>
</head>
<body>
  <div class='ocr_page' id='page_1' title='image "benedictixivpon00xivgoog_0370.png"; bbox 0 0 4487 6316; ppageno 0'>
   <div class='ocr_carea' id='block_1_1' title="bbox 870 516 2408 743">
    <p class='ocr_par' dir='ltr' id='par_1_1' title="bbox 870 516 2366 737">
     <span class='ocr_line' id='line_1_1' title="bbox 1048 516 1156 571; baseline 0.037 -4"><span class='ocrx_word' id='word_1_1' title='bbox 1048 516 1156 571; x_wconf 69' lang='lat'><strong>⁸3⁶</strong></span> 
     </span>
     <span class='ocr_line' id='line_1_2' title="bbox 870 642 2408 743; baseline 0.005 -23"><span class='ocrx_word' id='word_1_2' title='bbox 870 658 1078 743; x_wconf 79' lang='lat' dir='ltr'><strong>Ritum</strong></span> <span class='ocrx_word' id='word_1_3' title='bbox 1106 642 1280 723; x_wconf 80' lang='lat' dir='ltr'><strong>illum</strong></span> <span class='ocrx_word' id='word_1_4' title='bbox 1305 662 1546 737; x_wconf 78' lang='lat' dir='ltr'><strong>Graecis</strong></span> <span class='ocrx_word' id='word_1_5' title='bbox 1580 656 1935 740; x_wconf 74' lang='lat' dir='ltr'><strong>interdixit,</strong></span> <span class='ocrx_word' id='word_1_6' title='bbox 1970 666 2130 729; x_wconf 86' lang='lat' dir='ltr'><strong>bisce</strong></span> <span class='ocrx_word' id='word_1_7' title='bbox 2166 667 2408 729; x_wconf 83' lang='lat' dir='ltr'><strong>verbis.</strong></span> 
     </span>
    </p>
   </div>
   <div class='ocr_carea' id='block_1_2' title="bbox 1787 521 3068 584">
    <p class='ocr_par' dir='ltr' id='par_1_2' title="bbox 1787 521 3068 584">
     <span class='ocr_line' id='line_1_3' title="bbox 1787 521 3068 584; baseline 0.003 -11"><span class='ocrx_word' id='word_1_8' title='bbox 1787 523 1873 574; x_wconf 74' lang='lat' dir='ltr'><strong>m:</strong></span> <span class='ocrx_word' id='word_1_9' title='bbox 1909 521 2160 584; x_wconf 73' lang='lat' dir='ltr'><strong>SACROS</strong></span> <span class='ocrx_word' id='word_1_10' title='bbox 2165 522 2399 577; x_wconf 68' lang='lat' dir='ltr'><strong>mem</strong></span> <span class='ocrx_word' id='word_1_11' title='bbox 2430 524 2652 576; x_wconf 68' lang='grc' dir='ltr'><strong>1118Βῶ</strong></span> <span class='ocrx_word' id='word_1_12' title='bbox 2691 524 3068 580; x_wconf 65' lang='lat' dir='ltr'><strong>small-‘tcto</strong></span> 
     </span>
    </p>
   </div>
   <div class='ocr_carea' id='block_1_3' title="bbox 2521 667 4062 756">
    <p class='ocr_par' dir='ltr' id='par_1_3' title="bbox 2521 667 4062 756">
     <span class='ocr_line' id='line_1_4' title="bbox 2521 667 4062 756; baseline 0.005 -27"><span class='ocrx_word' id='word_1_13' title='bbox 2521 678 2608 729; x_wconf 85' lang='lat' dir='ltr'><strong>ca</strong></span> <span class='ocrx_word' id='word_1_14' title='bbox 2619 668 2861 751; x_wconf 78' lang='lat' dir='ltr'><strong>Synodo</strong></span> <span class='ocrx_word' id='word_1_15' title='bbox 2879 668 3190 750; x_wconf 68' lang='lat' dir='ltr'><strong>Ephesina</strong></span> <span class='ocrx_word' id='word_1_16' title='bbox 3208 667 3517 748; x_wconf 75' lang='lat' dir='ltr'><strong>decretum</strong></span> <span class='ocrx_word' id='word_1_17' title='bbox 3539 670 3755 746; x_wconf 70' lang='lat' dir='ltr'><strong>fuerit,</strong></span> <span class='ocrx_word' id='word_1_18' title='bbox 3776 693 3880 736; x_wconf 87' lang='lat' dir='ltr'><strong>·ne</strong></span> <span class='ocrx_word' id='word_1_19' title='bbox 3909 674 4062 756; x_wconf 81' lang='lat' dir='ltr'><strong>qaid</strong></span> 
     </span>
    </p>
   </div>
   <div class='ocr_carea' id='block_1_4' title="bbox 867 745 4064 845">
    <p class='ocr_par' dir='ltr' id='par_1_4' title="bbox 867 745 4064 845">
     <span class='ocr_line' id='line_1_5' title="bbox 867 745 4064 845; baseline 0.006 -32"><span class='ocrx_word' id='word_1_20' title='bbox 867 745 1344 819; x_wconf 72' lang='lat' dir='ltr'><strong>Eucharistiam&#39;</strong></span> <span class='ocrx_word' id='word_1_21' title='bbox 1319 779 1383 819; x_wconf 80' lang='lat' dir='ltr'><strong>m</strong></span> <span class='ocrx_word' id='word_1_22' title='bbox 1410 762 1497 819; x_wconf 80' lang='lat' dir='ltr'><strong>die</strong></span> <span class='ocrx_word' id='word_1_23' title='bbox 1521 758 1734 822; x_wconf 67' lang='lat' dir='ltr'><strong>coenae</strong></span> <span class='ocrx_word' id='word_1_24' title='bbox 1762 748 1994 821; x_wconf 60' lang='lat' dir='ltr'><strong>Domini</strong></span> <span class='ocrx_word' id='word_1_25' title='bbox 2016 774 2413 836; x_wconf 73' lang='lat' dir='ltr'><strong>consecratam,</strong></span> <span class='ocrx_word' id='word_1_26' title='bbox 2521 761 2781 824; x_wconf 87' lang='lat' dir='ltr'><strong>Nicaeno</strong></span> <span class='ocrx_word' id='word_1_27' title='bbox 2833 762 3121 845; x_wconf 74' lang='lat' dir='ltr'><strong>symbolo</strong></span> <span class='ocrx_word' id='word_1_28' title='bbox 3154 763 3512 828; x_wconf 73' lang='lat' dir='ltr'>adderetur:</span> <span class='ocrx_word' id='word_1_29' title='bbox 3571 765 3793 827; x_wconf 60' lang='lat' dir='ltr'><strong>Statili!</strong></span> <span class='ocrx_word' id='word_1_30' title='bbox 3843 767 4064 831; x_wconf 74' lang='lat' dir='ltr'><strong>Sancta</strong></span> 
     </span>
    </p>
   </div>
   <div class='ocr_carea' id='block_1_5' title="bbox 862 851 2408 1028">
    <p class='ocr_par' dir='ltr' id='par_1_5' title="bbox 862 851 2408 1027">
     <span class='ocr_line' id='line_1_6' title="bbox 862 851 2408 937; baseline 0.01 -30"><span class='ocrx_word' id='word_1_31' title='bbox 862 867 1038 928; x_wconf 72' lang='lat' dir='ltr'><strong>usque</strong></span> <span class='ocrx_word' id='word_1_32' title='bbox 1066 851 1143 911; x_wconf 78' lang='lat' dir='ltr'><strong>ad</strong></span> <span class='ocrx_word' id='word_1_33' title='bbox 1167 872 1389 913; x_wconf 73' lang='lat' dir='ltr'><strong>annum</strong></span> <span class='ocrx_word' id='word_1_34' title='bbox 1407 865 1751 934; x_wconf 71' lang='lat' dir='ltr'><strong>‚praetexta</strong></span> <span class='ocrx_word' id='word_1_35' title='bbox 1784 858 2182 937; x_wconf 76' lang='lat' dir='ltr'><strong>infirmorum,</strong></span> <span class='ocrx_word' id='word_1_36' title='bbox 2213 871 2277 919; x_wconf 72' lang='lat' dir='ltr'><strong>nt</strong></span> <span class='ocrx_word' id='word_1_37' title='bbox 2322 863 2408 922; x_wconf 78' lang='lat' dir='ltr'><strong>vi-</strong></span> 
     </span>
     <span class='ocr_line' id='line_1_7' title="bbox 862 942 2405 1028; baseline 0.009 -28"><span class='ocrx_word' id='word_1_38' title='bbox 862 942 1057 1003; x_wconf 71' lang='lat' dir='ltr'><strong>delieet</strong></span> <span class='ocrx_word' id='word_1_39' title='bbox 1085 944 1148 1005; x_wconf 75' lang='lat' dir='ltr'><strong>de</strong></span> <span class='ocrx_word' id='word_1_40' title='bbox 1176 947 1334 1008; x_wconf 78' lang='lat' dir='ltr'><strong>illa</strong></span> <span class='ocrx_word' id='word_1_41' title='bbox 1311 967 1453 1027; x_wconf 64' lang='lat' dir='ltr'><strong>ipsos</strong></span> <span class='ocrx_word' id='word_1_42' title='bbox 1480 949 1924 1028; x_wconf 74' lang='lat' dir='ltr'><strong>communicent,</strong></span> <span class='ocrx_word' id='word_1_43' title='bbox 1953 971 2067 1010; x_wconf 79' lang='lat' dir='ltr'><strong>non</strong></span> <span class='ocrx_word' id='word_1_44' title='bbox 2095 964 2405 1016; x_wconf 71' lang='lat' dir='ltr'><strong>reservent:</strong></span> 
     </span>
    </p>
   </div>
   <div class='ocr_carea' id='block_1_6' title="bbox 2514 850 4057 1037">
    <p class='ocr_par' dir='ltr' id='par_1_6' title="bbox 2514 850 4057 1037">
     <span class='ocr_line' id='line_1_8' title="bbox 2517 850 4056 952; baseline 0.005 -37"><span class='ocrx_word' id='word_1_45' title='bbox 2517 853 2803 936; x_wconf 70' lang='lat' dir='ltr'><strong>synodus,</strong></span> <span class='ocrx_word' id='word_1_46' title='bbox 2835 858 3076 918; x_wconf 78' lang='lat' dir='ltr'><strong>alteram</strong></span> <span class='ocrx_word' id='word_1_47' title='bbox 3110 855 3303 919; x_wconf 74' lang='lat' dir='ltr'><strong>Fidem</strong></span> <span class='ocrx_word' id='word_1_48' title='bbox 3338 850 3552 921; x_wconf 74' lang='lat' dir='ltr'><strong>nemini</strong></span> <span class='ocrx_word' id='word_1_49' title='bbox 3594 861 3757 920; x_wconf 75' lang='lat' dir='ltr'><strong>licere</strong></span> <span class='ocrx_word' id='word_1_50' title='bbox 3779 862 4056 952; x_wconf 67' lang='lat' dir='ltr'><strong>proferro,</strong></span> 
     </span>
     <span class='ocr_line' id='line_1_9' title="bbox 2514 953 4057 1037; baseline 0.005 -27"><span class='ocrx_word' id='word_1_51' title='bbox 2514 962 2616 1010; x_wconf 78' lang='lat' dir='ltr'><strong>au!</strong></span> <span class='ocrx_word' id='word_1_52' title='bbox 2639 953 2997 1022; x_wconf 65' lang='lat' dir='ltr'><strong>conscribere,</strong></span> <span class='ocrx_word' id='word_1_53' title='bbox 3027 961 3129 1013; x_wconf 77' lang='lat' dir='ltr'><strong>aut</strong></span> <span class='ocrx_word' id='word_1_54' title='bbox 3152 972 3494 1033; x_wconf 78' lang='lat' dir='ltr'><strong>componere,</strong></span> <span class='ocrx_word' id='word_1_55' title='bbox 3512 964 3737 1033; x_wconf 77' lang='lat' dir='ltr'><strong>praeter</strong></span> <span class='ocrx_word' id='word_1_56' title='bbox 3765 955 4057 1037; x_wconf 54' lang='lat' dir='ltr'><strong>affinitas·</strong></span> 
     </span>
    </p>
   </div>
   <div class='ocr_carea' id='block_1_7' title="bbox 861 1034 4055 1131">
    <p class='ocr_par' dir='ltr' id='par_1_7' title="bbox 861 1034 4055 1131">
     <span class='ocr_line' id='line_1_10' title="bbox 861 1034 4055 1131; baseline 0.005 -35"><span class='ocrx_word' id='word_1_57' title='bbox 861 1035 1252 1119; x_wconf 70' lang='lat' dir='ltr'><strong>addiditque,</strong></span> <span class='ocrx_word' id='word_1_58' title='bbox 1288 1050 1356 1117; x_wconf 84' lang='lat' dir='ltr'><strong>ut</strong></span> <span class='ocrx_word' id='word_1_59' title='bbox 1378 1050 1649 1122; x_wconf 87' lang='lat' dir='ltr'><strong>paratam</strong></span> <span class='ocrx_word' id='word_1_60' title='bbox 1685 1063 1924 1131; x_wconf 80' lang='lat' dir='ltr'><strong>semper</strong></span> <span class='ocrx_word' id='word_1_61' title='bbox 1959 1034 2402 1118; x_wconf 75' lang='lat' dir='ltr'><strong>Eneliaristiam</strong></span> <span class='ocrx_word' id='word_1_62' title='bbox 2510 1066 2547 1106; x_wconf 84' lang='lat' dir='ltr'><strong>a</strong></span> <span class='ocrx_word' id='word_1_63' title='bbox 2580 1043 2810 1106; x_wconf 70' lang='lat' dir='ltr'><strong>Sanctis</strong></span> <span class='ocrx_word' id='word_1_64' title='bbox 2831 1035 3136 1120; x_wconf 72' lang='lat' dir='ltr'><strong>Patribus,</strong></span> <span class='ocrx_word' id='word_1_65' title='bbox 3162 1049 3265 1126; x_wconf 65' lang='lat' dir='ltr'><strong>qui</strong></span> <span class='ocrx_word' id='word_1_66' title='bbox 3289 1050 3352 1107; x_wconf 79' lang='lat' dir='ltr'><strong>in</strong></span> <span class='ocrx_word' id='word_1_67' title='bbox 3377 1047 3639 1110; x_wconf 71' lang='lat' dir='ltr'><strong>Nicoma</strong></span> <span class='ocrx_word' id='word_1_68' title='bbox 3663 1069 3792 1110; x_wconf 69' lang='lat' dir='ltr'><strong>cum</strong></span> <span class='ocrx_word' id='word_1_69' title='bbox 3812 1049 4055 1130; x_wconf 67' lang='lat' dir='ltr'><strong>Spiritu</strong></span> 
     </span>
    </p>
   </div>
   <div class='ocr_carea' id='block_1_8' title="bbox 852 1130 2403 1399">
    <p class='ocr_par' dir='ltr' id='par_1_8' title="bbox 852 1130 2403 1392">
     <span class='ocr_line' id='line_1_11' title="bbox 857 1130 2403 1250; baseline 0.007 -56"><span class='ocrx_word' id='word_1_70' title='bbox 857 1130 1152 1219; x_wconf 80' lang='lat' dir='ltr'><strong>haberent</strong></span> <span class='ocrx_word' id='word_1_71' title='bbox 1176 1155 1285 1215; x_wconf 91' lang='lat' dir='ltr'><strong>pro</strong></span> <span class='ocrx_word' id='word_1_72' title='bbox 1315 1135 1594 1211; x_wconf 77' lang='lat' dir='ltr'><strong>infirmis,</strong></span> <span class='ocrx_word' id='word_1_73' title='bbox 1624 1138 1724 1201; x_wconf 82' lang='lat' dir='ltr'><strong>sed</strong></span> <span class='ocrx_word' id='word_1_74' title='bbox 1750 1138 1919 1201; x_wconf 86' lang='lat' dir='ltr'><strong>illam</strong></span> <span class='ocrx_word' id='word_1_75' title='bbox 1945 1139 2218 1250; x_wconf 77' lang='lat' dir='ltr'><strong>qualibet</strong></span> <span class='ocrx_word' id='word_1_76' title='bbox 2230 1130 2403 1204; x_wconf 70' lang='lat' dir='ltr'><strong>de‘ci-</strong></span> 
     </span>
     <span class='ocr_line' id='line_1_12' title="bbox 857 1211 2393 1307; baseline 0.007 -21"><span class='ocrx_word' id='word_1_77' title='bbox 857 1243 957 1287; x_wconf 88' lang='lat' dir='ltr'><strong>ma</strong></span> <span class='ocrx_word' id='word_1_78' title='bbox 978 1211 1192 1307; x_wconf 80' lang='lat' dir='ltr'><strong>quinta</strong></span> <span class='ocrx_word' id='word_1_79' title='bbox 1214 1228 1311 1291; x_wconf 89' lang='lat' dir='ltr'><strong>die</strong></span> <span class='ocrx_word' id='word_1_80' title='bbox 1333 1249 1516 1301; x_wconf 57' lang='lat' dir='ltr'><strong>renos</strong></span> <span class='ocrx_word' id='word_1_81' title='bbox 1519 1240 1710 1293; x_wconf 85' lang='lat' dir='ltr'><strong>arent.</strong></span> <span class='ocrx_word' id='word_1_82' title='bbox 1743 1232 2135 1295; x_wconf 75' lang='lat' dir='ltr'><strong>Archadius</strong></span> <span class='ocrx_word' id='word_1_83' title='bbox 2110 1256 2173 1294; x_wconf 85' lang='lat' dir='ltr'><strong>m</strong></span> <span class='ocrx_word' id='word_1_84' title='bbox 2203 1235 2393 1298; x_wconf 81' lang='lat' dir='ltr'><strong>Tract.</strong></span> 
     </span>
     <span class='ocr_line' id='line_1_13' title="bbox 852 1318 2399 1399; baseline 0.009 -20"><span class='ocrx_word' id='word_1_85' title='bbox 852 1320 917 1380; x_wconf 81' lang='lat' dir='ltr'><strong>de</strong></span> <span class='ocrx_word' id='word_1_86' title='bbox 951 1318 1265 1390; x_wconf 78' lang='lat' dir='ltr'><strong>Concordia</strong></span> <span class='ocrx_word' id='word_1_87' title='bbox 1293 1324 1574 1386; x_wconf 75' lang='lat' dir='ltr'><strong>&#39;Ecclesiae</strong></span> <span class='ocrx_word' id='word_1_88' title='bbox 1605 1319 2014 1399; x_wconf 62' lang='lat' dir='ltr'><strong>Occidentalis,</strong></span> <span class='ocrx_word' id='word_1_89' title='bbox 2044 1341 2093 1389; x_wconf 79' lang='lat' dir='ltr'><strong>et</strong></span> <span class='ocrx_word' id='word_1_90' title='bbox 2127 1326 2399 1392; x_wconf 77' lang='lat' dir='ltr'><strong>Orienta-</strong></span> 
     </span>
    </p>
   </div>
   <div class='ocr_carea' id='block_1_9' title="bbox 2505 1138 4050 1408">
    <p class='ocr_par' dir='ltr' id='par_1_9' title="bbox 2505 1138 4050 1395">
     <span class='ocr_line' id='line_1_14' title="bbox 2513 1138 4049 1221; baseline 0.005 -22"><span class='ocrx_word' id='word_1_91' title='bbox 2513 1138 2726 1201; x_wconf 83' lang='lat' dir='ltr'><strong>Sancto</strong></span> <span class='ocrx_word' id='word_1_92' title='bbox 2758 1144 3079 1221; x_wconf 72' lang='lat' dir='ltr'><strong>conqroqnei</strong></span> <span class='ocrx_word' id='word_1_93' title='bbox 3100 1144 3369 1221; x_wconf 69' lang='lat' dir='ltr'><strong>[uerum.</strong></span> <span class='ocrx_word' id='word_1_94' title='bbox 3415 1141 3593 1217; x_wconf 85' lang='lat' dir='ltr'><strong>Quod</strong></span> <span class='ocrx_word' id='word_1_95' title='bbox 3613 1151 3814 1205; x_wconf 84' lang='lat' dir='ltr'><strong>autem</strong></span> <span class='ocrx_word' id='word_1_96' title='bbox 3835 1145 3913 1206; x_wconf 89' lang='lat' dir='ltr'><strong>ad</strong></span> <span class='ocrx_word' id='word_1_97' title='bbox 3947 1144 4049 1207; x_wconf 38' lang='lat' dir='ltr'><strong>wal</strong></span> 
     </span>
     <span class='ocr_line' id='line_1_15' title="bbox 2509 1235 4050 1316; baseline 0.004 -21"><span class='ocrx_word' id='word_1_98' title='bbox 2509 1240 2703 1296; x_wconf 87' lang='lat' dir='ltr'><strong>terum</strong></span> <span class='ocrx_word' id='word_1_99' title='bbox 2759 1235 2871 1296; x_wconf 92' lang='lat' dir='ltr'><strong>hoc</strong></span> <span class='ocrx_word' id='word_1_100' title='bbox 2911 1244 3090 1316; x_wconf 89' lang='lat' dir='ltr'><strong>caput</strong></span> <span class='ocrx_word' id='word_1_101' title='bbox 3116 1236 3367 1306; x_wconf 77' lang='lat' dir='ltr'><strong>attinet,</strong></span> <span class='ocrx_word' id='word_1_102' title='bbox 3398 1235 3708 1300; x_wconf 79' lang='lat' dir='ltr'><strong>firmatum</strong></span> <span class='ocrx_word' id='word_1_103' title='bbox 3750 1237 3891 1312; x_wconf 81' lang='lat' dir='ltr'><strong>fuit,</strong></span> <span class='ocrx_word' id='word_1_104' title='bbox 3926 1247 4050 1301; x_wconf 88' lang='grc' dir='ltr'>ιιοιι</span> 
     </span>
     <span class='ocr_line' id='line_1_16' title="bbox 2505 1326 4049 1408; baseline 0.005 -21"><span class='ocrx_word' id='word_1_105' title='bbox 2505 1327 2682 1388; x_wconf 90' lang='lat' dir='ltr'><strong>modo</strong></span> <span class='ocrx_word' id='word_1_106' title='bbox 2714 1326 2972 1402; x_wconf 77' lang='lat' dir='ltr'><strong>licuisse,</strong></span> <span class='ocrx_word' id='word_1_107' title='bbox 3003 1330 3104 1391; x_wconf 88' lang='lat' dir='ltr'><strong>sed</strong></span> <span class='ocrx_word' id='word_1_108' title='bbox 3131 1337 3189 1390; x_wconf 88' lang='lat' dir='ltr'><strong>et</strong></span> <span class='ocrx_word' id='word_1_109' title='bbox 3229 1330 3405 1395; x_wconf 78' lang='lat' dir='ltr'><strong>valde</strong></span> <span class='ocrx_word' id='word_1_110' title='bbox 3432 1330 3795 1392; x_wconf 85' lang='lat' dir='ltr'><strong>conveniens</strong></span> <span class='ocrx_word' id='word_1_111' title='bbox 3820 1331 4049 1408; x_wconf 75' lang='lat' dir='ltr'><strong>fuisse,</strong></span> 
     </span>
    </p>
   </div>
   <div class='ocr_carea' id='block_1_10' title="bbox 853 1406 4043 1507">
    <p class='ocr_par' dir='ltr' id='par_1_10' title="bbox 853 1406 4043 1507">
     <span class='ocr_line' id='line_1_17' title="bbox 853 1406 4043 1507; baseline 0.004 -32"><span class='ocrx_word' id='word_1_112' title='bbox 853 1418 924 1476; x_wconf 71' lang='lat' dir='ltr'><strong>lis</strong></span> <span class='ocrx_word' id='word_1_113' title='bbox 953 1418 1050 1477; x_wconf 70' lang='lat' dir='ltr'><strong>tib.</strong></span> <span class='ocrx_word' id='word_1_114' title='bbox 1082 1423 1139 1494; x_wconf 89' lang='lat'><strong>3.</strong></span> <span class='ocrx_word' id='word_1_115' title='bbox 1172 1438 1295 1501; x_wconf 82' lang='lat' dir='ltr'><strong>cap.</strong></span> <span class='ocrx_word' id='word_1_116' title='bbox 1328 1426 1426 1481; x_wconf 88' lang='lat'><strong>55.</strong></span> <span class='ocrx_word' id='word_1_117' title='bbox 1459 1426 1634 1492; x_wconf 75' lang='lat'><strong>0156.</strong></span> <span class='ocrx_word' id='word_1_118' title='bbox 1667 1419 2104 1495; x_wconf 66' lang='lat' dir='ltr'><strong>absurditates,</strong></span> <span class='ocrx_word' id='word_1_119' title='bbox 2129 1443 2295 1504; x_wconf 71' lang='lat' dir='ltr'><strong>quae</strong></span> <span class='ocrx_word' id='word_1_120' title='bbox 2320 1438 2396 1488; x_wconf 72' lang='lat' dir='ltr'><strong>ex</strong></span> <span class='ocrx_word' id='word_1_121' title='bbox 2503 1416 2573 1482; x_wconf 79' lang='lat' dir='ltr'><strong>ut</strong></span> <span class='ocrx_word' id='word_1_122' title='bbox 2600 1420 2941 1503; x_wconf 83' lang='lat' dir='ltr'><strong>hujusmodi</strong></span> <span class='ocrx_word' id='word_1_123' title='bbox 2970 1406 3199 1485; x_wconf 72' lang='lat' dir='ltr'><strong>adilitio</strong></span> <span class='ocrx_word' id='word_1_124' title='bbox 3222 1422 3394 1487; x_wconf 74' lang='lat' dir='ltr'><strong>fieret</strong></span> <span class='ocrx_word' id='word_1_125' title='bbox 3419 1425 3679 1487; x_wconf 79' lang='lat' dir='ltr'><strong>Nicaeno</strong></span> <span class='ocrx_word' id='word_1_126' title='bbox 3709 1425 4043 1507; x_wconf 77' lang='lat' dir='ltr'><strong>Symbolo-</strong></span> 
     </span>
    </p>
   </div>
   <div class='ocr_carea' id='block_1_11' title="bbox 835 1511 2414 1600">
    <p class='ocr_par' dir='ltr' id='par_1_11' title="bbox 835 1511 2414 1600">
     <span class='ocr_line' id='line_1_18' title="bbox 835 1511 2414 1600; baseline 0.007 -28.086"><span class='ocrx_word' id='word_1_127' title='bbox 835 1530 920 1577; x_wconf 89' lang='lat' dir='ltr'><strong>eo</strong></span> <span class='ocrx_word' id='word_1_128' title='bbox 946 1511 1091 1574; x_wconf 84' lang='lat' dir='ltr'><strong>Ritu</strong></span> <span class='ocrx_word' id='word_1_129' title='bbox 1117 1516 1599 1598; x_wconf 72' lang='lat' dir='ltr'><strong>promanabant,</strong></span> <span class='ocrx_word' id='word_1_130' title='bbox 1634 1511 1900 1578; x_wconf 80' lang='lat' dir='ltr'><strong>indicare</strong></span> <span class='ocrx_word' id='word_1_131' title='bbox 1931 1515 2118 1580; x_wconf 83' lang='lat' dir='ltr'><strong>h‘aud</strong></span> <span class='ocrx_word' id='word_1_132' title='bbox 2126 1513 2414 1600; x_wconf 79' lang='lat' dir='ltr'><strong>praeter-</strong></span> 
     </span>
    </p>
   </div>
   <div class='ocr_carea' id='block_1_12' title="bbox 2498 1514 4048 1598">
    <p class='ocr_par' dir='ltr' id='par_1_12' title="bbox 2498 1514 4048 1598">
     <span class='ocr_line' id='line_1_19' title="bbox 2498 1514 4048 1598; baseline 0.005 -23"><span class='ocrx_word' id='word_1_133' title='bbox 2498 1534 2569 1575; x_wconf 89' lang='lat' dir='ltr'><strong>eo</strong></span> <span class='ocrx_word' id='word_1_134' title='bbox 2589 1517 2749 1596; x_wconf 91' lang='lat' dir='ltr'><strong>quod</strong></span> <span class='ocrx_word' id='word_1_135' title='bbox 2761 1517 2978 1598; x_wconf 74' lang='lat' dir='ltr'><strong>Ephe</strong></span> <span class='ocrx_word' id='word_1_136' title='bbox 2946 1538 3129 1582; x_wconf 86' lang='grc' dir='ltr'>ιιιιιιιι</span> <span class='ocrx_word' id='word_1_137' title='bbox 3144 1514 3478 1581; x_wconf 86' lang='lat' dir='ltr'><strong>Concilium</strong></span> <span class='ocrx_word' id='word_1_138' title='bbox 3491 1520 3867 1582; x_wconf 87' lang='lat' dir='ltr'><strong>solummedo</strong></span> <span class='ocrx_word' id='word_1_139' title='bbox 3890 1522 4048 1583; x_wconf 82' lang='lat' dir='ltr'><strong>inbi-</strong></span> 
     </span>
    </p>
   </div>
   <div class='ocr_carea' id='block_1_13' title="bbox 852 1606 4036 1695">
    <p class='ocr_par' dir='ltr' id='par_1_13' title="bbox 852 1606 4036 1695">
     <span class='ocr_line' id='line_1_20' title="bbox 852 1606 4036 1695; baseline 0.005 -32"><span class='ocrx_word' id='word_1_140' title='bbox 852 1606 1044 1682; x_wconf 84' lang='lat' dir='ltr'><strong>misit,</strong></span> <span class='ocrx_word' id='word_1_141' title='bbox 1072 1608 1397 1691; x_wconf 65' lang='lat' dir='ltr'><strong>deprecans</strong></span> <span class='ocrx_word' id='word_1_142' title='bbox 1427 1611 1724 1674; x_wconf 70' lang='lat' dir='ltr'><strong>Romanos</strong></span> <span class='ocrx_word' id='word_1_143' title='bbox 1746 1611 2092 1686; x_wconf 42' lang='lat' dir='ltr'><strong>Pontifices,</strong></span> <span class='ocrx_word' id='word_1_144' title='bbox 2118 1623 2184 1675; x_wconf 80' lang='grc' dir='ltr'><strong>ιιι</strong></span> <span class='ocrx_word' id='word_1_145' title='bbox 2211 1614 2388 1676; x_wconf 81' lang='lat' dir='ltr'><strong>illum</strong></span> <span class='ocrx_word' id='word_1_146' title='bbox 2498 1610 2698 1673; x_wconf 90' lang='lat' dir='ltr'><strong>buerit</strong></span> <span class='ocrx_word' id='word_1_147' title='bbox 2735 1612 2942 1674; x_wconf 74' lang='lat' dir='ltr'><strong>additis</strong></span> <span class='ocrx_word' id='word_1_148' title='bbox 2929 1634 3070 1675; x_wconf 83' lang='lat' dir='ltr'><strong>ones</strong></span> <span class='ocrx_word' id='word_1_149' title='bbox 3090 1614 3256 1676; x_wconf 88' lang='lat' dir='ltr'><strong>Fidei</strong></span> <span class='ocrx_word' id='word_1_150' title='bbox 3290 1615 3611 1695; x_wconf 81' lang='lat' dir='ltr'><strong>oppositas,</strong></span> <span class='ocrx_word' id='word_1_151' title='bbox 3643 1626 3750 1677; x_wconf 90' lang='lat' dir='ltr'><strong>aut</strong></span> <span class='ocrx_word' id='word_1_152' title='bbox 3778 1624 4036 1680; x_wconf 87' lang='lat' dir='ltr'><strong>temera-</strong></span> 
     </span>
    </p>
   </div>
   <div class='ocr_carea' id='block_1_14' title="bbox 483 1687 2395 5563">
    <p class='ocr_par' dir='ltr' id='par_1_14' title="bbox 843 1687 2391 1970">
     <span class='ocr_line' id='line_1_21' title="bbox 844 1687 2385 1810; baseline 0.007 -49"><span class='ocrx_word' id='word_1_153' title='bbox 844 1693 1084 1810; x_wconf 88' lang='lat' dir='ltr'><strong>penitus</strong></span> <span class='ocrx_word' id='word_1_154' title='bbox 1102 1702 1484 1806; x_wconf 75' lang='lat' dir='ltr'><strong>abrogarent.</strong></span> <span class='ocrx_word' id='word_1_155' title='bbox 1509 1706 1812 1769; x_wconf 80' lang='lat' dir='ltr'><strong>Praestitit</strong></span> <span class='ocrx_word' id='word_1_156' title='bbox 1831 1687 1904 1771; x_wconf 78' lang='lat' dir='ltr'><strong>id</strong></span> <span class='ocrx_word' id='word_1_157' title='bbox 1909 1704 2187 1770; x_wconf 84' lang='lat' dir='ltr'><strong>Clemens</strong></span> <span class='ocrx_word' id='word_1_158' title='bbox 2215 1694 2385 1771; x_wconf 82' lang='lat' dir='ltr'><strong>vm.</strong></span> 
     </span>
     <span class='ocr_line' id='line_1_22' title="bbox 845 1782 2395 1883; baseline 0.006 -28"><span class='ocrx_word' id='word_1_159' title='bbox 845 1795 909 1856; x_wconf 93' lang='lat' dir='ltr'><strong>in</strong></span> <span class='ocrx_word' id='word_1_160' title='bbox 935 1815 1045 1870; x_wconf 73' lang='lat' dir='ltr'><strong>sua</strong></span> <span class='ocrx_word' id='word_1_161' title='bbox 1072 1782 1511 1874; x_wconf 79' lang='lat' dir='ltr'><strong>In&#39;structione,</strong></span> <span class='ocrx_word' id='word_1_162' title='bbox 1544 1799 1822 1882; x_wconf 88' lang='lat' dir='ltr'><strong>idemque</strong></span> <span class='ocrx_word' id='word_1_163' title='bbox 1854 1810 1913 1863; x_wconf 90' lang='lat' dir='ltr'><strong>et</strong></span> <span class='ocrx_word' id='word_1_164' title='bbox 1938 1803 2059 1864; x_wconf 87' lang='lat' dir='ltr'><strong>Nos</strong></span> <span class='ocrx_word' id='word_1_165' title='bbox 2094 1800 2395 1883; x_wconf 53' lang='lat' dir='ltr'><strong>praestiti:</strong></span> 
     </span>
     <span class='ocr_line' id='line_1_23' title="bbox 843 1891 2383 1970; baseline 0.007 -20"><span class='ocrx_word' id='word_1_166' title='bbox 843 1909 977 1953; x_wconf 84' lang='lat' dir='ltr'><strong>mus</strong></span> <span class='ocrx_word' id='word_1_167' title='bbox 994 1891 1063 1964; x_wconf 87' lang='lat' dir='ltr'><strong>in</strong></span> <span class='ocrx_word' id='word_1_168' title='bbox 1085 1901 1296 1956; x_wconf 85' lang='lat' dir='ltr'><strong>nostra</strong></span> <span class='ocrx_word' id='word_1_169' title='bbox 1309 1893 1763 1970; x_wconf 76' lang='lat' dir='ltr'><strong>Constitutione.</strong></span> <span class='ocrx_word' id='word_1_170' title='bbox 1768 1897 1849 1957; x_wconf 89' lang='lat' dir='ltr'><em>E</em></span> <span class='ocrx_word' id='word_1_171' title='bbox 1853 1900 1924 1958; x_wconf 68' lang='lat' dir='ltr'><strong>tra</strong></span> <span class='ocrx_word' id='word_1_172' title='bbox 1944 1896 2261 1965; x_wconf 72' lang='lat' dir='ltr'><strong>Pastor-alis</strong></span> <span class='ocrx_word' id='word_1_173' title='bbox 2285 1906 2383 1964; x_wconf 88' lang='lat'><strong>57.</strong></span> 
     </span>
    </p>

    <p class='ocr_par' dir='ltr' id='par_1_15' title="bbox 840 1983 2390 2264">
     <span class='ocr_line' id='line_1_24' title="bbox 842 1983 2390 2072; baseline 0.007 -26"><span class='ocrx_word' id='word_1_174' title='bbox 842 1983 908 2069; x_wconf 70' lang='lat' dir='ltr'><strong>S.</strong></span> <span class='ocrx_word' id='word_1_175' title='bbox 941 1990 998 2047; x_wconf 78' lang='lat'><strong>6.</strong></span> <span class='ocrx_word' id='word_1_176' title='bbox 1029 1990 1193 2056; x_wconf 67' lang='lat' dir='ltr'><strong>num.</strong></span> <span class='ocrx_word' id='word_1_177' title='bbox 1224 1994 1281 2050; x_wconf 92' lang='lat'><strong>3.</strong></span> <span class='ocrx_word' id='word_1_178' title='bbox 1311 2000 1364 2049; x_wconf 78' lang='lat' dir='ltr'><strong>et</strong></span> <span class='ocrx_word' id='word_1_179' title='bbox 1401 2010 1513 2072; x_wconf 72' lang='lat' dir='ltr'><strong>seq.</strong></span> <span class='ocrx_word' id='word_1_180' title='bbox 1561 1990 1632 2051; x_wconf 88' lang='lat' dir='ltr'><strong>In</strong></span> <span class='ocrx_word' id='word_1_181' title='bbox 1659 1987 1925 2053; x_wconf 85' lang='lat' dir='ltr'><strong>Concilio</strong></span> <span class='ocrx_word' id='word_1_182' title='bbox 1968 1993 2311 2061; x_wconf 84' lang='lat' dir='ltr'><strong>Zamosciae</strong></span> <span class='ocrx_word' id='word_1_183' title='bbox 2353 2014 2390 2057; x_wconf 87' lang='lat' dir='ltr'><strong>a</strong></span> 
     </span>
     <span class='ocr_line' id='line_1_25' title="bbox 842 2079 2390 2167; baseline 0.007 -26"><span class='ocrx_word' id='word_1_184' title='bbox 842 2081 1078 2152; x_wconf 79' lang='lat' dir='ltr'><strong>duabus</strong></span> <span class='ocrx_word' id='word_1_185' title='bbox 1102 2082 1675 2167; x_wconf 78' lang='lat' dir='ltr'><strong>Congregationibus</strong></span> <span class='ocrx_word' id='word_1_186' title='bbox 1701 2079 1951 2149; x_wconf 83' lang='lat' dir='ltr'><strong>Concilii</strong></span> <span class='ocrx_word' id='word_1_187' title='bbox 1983 2086 2291 2162; x_wconf 85' lang='lat' dir='ltr'><strong>videlicet,</strong></span> <span class='ocrx_word' id='word_1_188' title='bbox 2320 2109 2390 2152; x_wconf 89' lang='lat' dir='ltr'><strong>ac</strong></span> 
     </span>
     <span class='ocr_line' id='line_1_26' title="bbox 840 2174 2389 2264; baseline 0.005 -28"><span class='ocrx_word' id='word_1_189' title='bbox 840 2174 1268 2264; x_wconf 77' lang='lat' dir='ltr'><strong>Propagaadae</strong></span> <span class='ocrx_word' id='word_1_190' title='bbox 1285 2177 1451 2240; x_wconf 81' lang='lat' dir='ltr'><strong>Fidei</strong></span> <span class='ocrx_word' id='word_1_191' title='bbox 1471 2179 1844 2254; x_wconf 81' lang='lat' dir='ltr'><strong>examinato,</strong></span> <span class='ocrx_word' id='word_1_192' title='bbox 1874 2179 1937 2262; x_wconf 68' lang='lat'><strong>§⁶</strong></span> <span class='ocrx_word' id='word_1_193' title='bbox 1974 2186 2030 2241; x_wconf 89' lang='grc'><strong>3.</strong></span> <span class='ocrx_word' id='word_1_194' title='bbox 2056 2180 2124 2243; x_wconf 69' lang='grc' dir='ltr'><strong>’ἀὲ</strong></span> <span class='ocrx_word' id='word_1_195' title='bbox 2142 2183 2389 2243; x_wconf 77' lang='lat' dir='ltr'><strong>Eucha-</strong></span> 
     </span>
    </p>

    <p class='ocr_par' dir='ltr' id='par_1_16' title="bbox 835 2259 2385 2352">
     <span class='ocr_line' id='line_1_27' title="bbox 835 2259 2385 2352; baseline 0.006 -23"><span class='ocrx_word' id='word_1_196' title='bbox 835 2259 1038 2340; x_wconf 74' lang='lat' dir='ltr'><strong>ristia,</strong></span> <span class='ocrx_word' id='word_1_197' title='bbox 1068 2268 1288 2352; x_wconf 74' lang='lat' dir='ltr'><strong>legitur</strong></span> <span class='ocrx_word' id='word_1_198' title='bbox 1312 2279 1634 2349; x_wconf 83' lang='lat' dir='ltr'><strong>statutum,</strong></span> <span class='ocrx_word' id='word_1_199' title='bbox 1655 2281 1733 2334; x_wconf 77' lang='lat' dir='ltr'><strong>¹nt</strong></span> <span class='ocrx_word' id='word_1_200' title='bbox 1750 2274 1799 2334; x_wconf 86' lang='lat' dir='ltr'><strong>si</strong></span> <span class='ocrx_word' id='word_1_201' title='bbox 1823 2274 2047 2336; x_wconf 86' lang='lat' dir='ltr'><strong>alicubi</strong></span> <span class='ocrx_word' id='word_1_202' title='bbox 2072 2276 2272 2338; x_wconf 87' lang='lat' dir='ltr'><strong>adhuc</strong></span> <span class='ocrx_word' id='word_1_203' title='bbox 2294 2278 2385 2338; x_wconf 78' lang='lat' dir='ltr'><strong>vi</strong></span> 
     </span>
    </p>

    <p class='ocr_par' dir='ltr' id='par_1_17' title="bbox 837 2318 2387 2541">
     <span class='ocr_line' id='line_1_28' title="bbox 837 2318 2387 2444; baseline 0.006 -21"><span class='ocrx_word' id='word_1_204' title='bbox 837 2368 1036 2444; x_wconf 74' lang='lat' dir='ltr'><strong>geret</strong></span> <span class='ocrx_word' id='word_1_205' title='bbox 1056 2363 1230 2425; x_wconf 87' lang='lat' dir='ltr'><strong>Ritus</strong></span> <span class='ocrx_word' id='word_1_206' title='bbox 1279 2318 1662 2426; x_wconf 83' lang='lat' dir='ltr'><strong>consecrandi</strong></span> <span class='ocrx_word' id='word_1_207' title='bbox 1719 2368 2158 2430; x_wconf 86' lang='lat' dir='ltr'><strong>Eucharistiam</strong></span> <span class='ocrx_word' id='word_1_208' title='bbox 2212 2369 2387 2434; x_wconf 84' lang='lat' dir='ltr'><strong>Feria</strong></span> 
     </span>
     <span class='ocr_line' id='line_1_29' title="bbox 825 2443 2384 2541; baseline 0.003 -23.043"><span class='ocrx_word' id='word_1_209' title='bbox 825 2456 1053 2541; x_wconf 83' lang='lat' dir='ltr'><strong>quinta</strong></span> <span class='ocrx_word' id='word_1_210' title='bbox 1081 2459 1144 2519; x_wconf 91' lang='lat' dir='ltr'><strong>in</strong></span> <span class='ocrx_word' id='word_1_211' title='bbox 1171 2443 1369 2523; x_wconf 78' lang='lat' dir='ltr'><strong>Coena</strong></span> <span class='ocrx_word' id='word_1_212' title='bbox 1396 2460 1672 2535; x_wconf 88' lang='lat' dir='ltr'><strong>Domini,</strong></span> <span class='ocrx_word' id='word_1_213' title='bbox 1702 2481 1853 2523; x_wconf 86' lang='lat' dir='ltr'><strong>eam</strong></span> <span class='ocrx_word' id='word_1_214' title='bbox 1861 2462 2245 2526; x_wconf 79' lang='lat' dir='ltr'><strong>suffundendi</strong></span> <span class='ocrx_word' id='word_1_215' title='bbox 2270 2463 2384 2525; x_wconf 89' lang='lat' dir='ltr'><strong>ali-</strong></span> 
     </span>
    </p>

    <p class='ocr_par' dir='ltr' id='par_1_18' title="bbox 834 2548 2383 2825">
     <span class='ocr_line' id='line_1_30' title="bbox 840 2548 2383 2637; baseline 0.004 -23"><span class='ocrx_word' id='word_1_216' title='bbox 840 2571 963 2634; x_wconf 90' lang='lat' dir='ltr'><strong>qua</strong></span> <span class='ocrx_word' id='word_1_217' title='bbox 988 2562 1167 2636; x_wconf 79' lang='lat' dir='ltr'><strong>gutta</strong></span> <span class='ocrx_word' id='word_1_218' title='bbox 1177 2548 1531 2637; x_wconf 76' lang='lat' dir='ltr'><strong>Sanguinis,</strong></span> <span class='ocrx_word' id='word_1_219' title='bbox 1560 2557 1959 2635; x_wconf 83' lang='lat' dir='ltr'><strong>servandique</strong></span> <span class='ocrx_word' id='word_1_220' title='bbox 1987 2577 2096 2637; x_wconf 89' lang='lat' dir='ltr'><strong>pro</strong></span> <span class='ocrx_word' id='word_1_221' title='bbox 2127 2548 2383 2620; x_wconf 84' lang='lat' dir='ltr'><strong>infirmis</strong></span> 
     </span>
     <span class='ocr_line' id='line_1_31' title="bbox 836 2646 2383 2731; baseline 0.005 -24"><span class='ocrx_word' id='word_1_222' title='bbox 836 2646 900 2708; x_wconf 73' lang='lat' dir='ltr'><strong>in</strong></span> <span class='ocrx_word' id='word_1_223' title='bbox 920 2640 1496 2730; x_wconf 74' lang='lat' dir='ltr'><strong>aunuminlegrum,</strong></span> <span class='ocrx_word' id='word_1_224' title='bbox 1519 2650 1578 2710; x_wconf 81' lang='grc' dir='ltr'><strong>ἰιι</strong></span> <span class='ocrx_word' id='word_1_225' title='bbox 1616 2673 1686 2729; x_wconf 69' lang='grc' dir='ltr'><strong>ρει</strong></span> <span class='ocrx_word' id='word_1_226' title='bbox 1674 2663 1756 2711; x_wconf 80' lang='grc' dir='ltr'><strong>ιιῑ</strong></span> <span class='ocrx_word' id='word_1_227' title='bbox 1744 2675 1910 2711; x_wconf 83' lang='grc' dir='ltr'>ιιιιιιι</span> <span class='ocrx_word' id='word_1_228' title='bbox 1947 2657 2191 2711; x_wconf 82' lang='grc' dir='ltr'>ιιιιιιιίιιιι</span> <span class='ocrx_word' id='word_1_229' title='bbox 2181 2674 2383 2731; x_wconf 57' lang='lat' dir='ltr'><strong>&#39;piae-</strong></span> 
     </span>
     <span class='ocr_line' id='line_1_32' title="bbox 834 2742 2384 2825; baseline 0.002 -21"><span class='ocrx_word' id='word_1_230' title='bbox 834 2742 1232 2817; x_wconf 54' lang='lat' dir='ltr'><strong>terminatum</strong></span> <span class='ocrx_word' id='word_1_231' title='bbox 1259 2744 1360 2805; x_wconf 75' lang='lat' dir='ltr'><strong>sed</strong></span> <span class='ocrx_word' id='word_1_232' title='bbox 1379 2746 1638 2818; x_wconf 71' lang='lat' dir='ltr'><strong>Parothi</strong></span> <span class='ocrx_word' id='word_1_233' title='bbox 1674 2749 1718 2805; x_wconf 68' lang='lat' dir='ltr'><strong>li</strong></span> <span class='ocrx_word' id='word_1_234' title='bbox 1726 2769 1778 2804; x_wconf 85' lang='grc' dir='ltr'><strong>ιιι</strong></span> <span class='ocrx_word' id='word_1_235' title='bbox 1786 2747 1948 2805; x_wconf 48' lang='lat' dir='ltr'><strong>what</strong></span> <span class='ocrx_word' id='word_1_236' title='bbox 1939 2747 2111 2805; x_wconf 66' lang='lat' dir='ltr'><strong>tiam</strong></span> <span class='ocrx_word' id='word_1_237' title='bbox 2149 2771 2253 2825; x_wconf 73' lang='lat' dir='ltr'><strong>pm</strong></span> <span class='ocrx_word' id='word_1_238' title='bbox 2293 2749 2384 2808; x_wconf 83' lang='lat' dir='ltr'><strong>ln·</strong></span> 
     </span>
    </p>

    <p class='ocr_par' dir='ltr' id='par_1_19' title="bbox 827 2834 2381 3771">
     <span class='ocr_line' id='line_1_33' title="bbox 833 2834 2379 2918; baseline 0.004 -23"><span class='ocrx_word' id='word_1_239' title='bbox 833 2834 1029 2897; x_wconf 81' lang='lat' dir='ltr'><strong>firmis</strong></span> <span class='ocrx_word' id='word_1_240' title='bbox 1056 2845 1324 2911; x_wconf 82' lang='lat' dir='ltr'><strong>servent,</strong></span> <span class='ocrx_word' id='word_1_241' title='bbox 1354 2837 1544 2918; x_wconf 75' lang='lat' dir='ltr'><strong>ipsam</strong></span> <span class='ocrx_word' id='word_1_242' title='bbox 1578 2842 1842 2918; x_wconf 68' lang='lat' dir='ltr'><strong>qnalibet</strong></span> <span class='ocrx_word' id='word_1_243' title='bbox 1870 2850 2109 2910; x_wconf 57' lang='lat' dir='ltr'><strong>octana,</strong></span> <span class='ocrx_word' id='word_1_244' title='bbox 2147 2852 2243 2900; x_wconf 76' lang='lat' dir='ltr'><strong>aut</strong></span> <span class='ocrx_word' id='word_1_245' title='bbox 2277 2840 2379 2901; x_wconf 84' lang='lat' dir='ltr'><strong>de·</strong></span> 
     </span>
     <span class='ocr_line' id='line_1_34' title="bbox 831 2930 2378 3013; baseline 0.002 -22"><span class='ocrx_word' id='word_1_246' title='bbox 831 2930 991 3013; x_wconf 65' lang='lat' dir='ltr'><strong>cim</strong></span> <span class='ocrx_word' id='word_1_247' title='bbox 1013 2930 1226 3010; x_wconf 67' lang='lat' dir='ltr'><strong>quinta</strong></span> <span class='ocrx_word' id='word_1_248' title='bbox 1255 2932 1354 3001; x_wconf 74' lang='lat' dir='ltr'><strong>die</strong></span> <span class='ocrx_word' id='word_1_249' title='bbox 1381 2946 1754 2994; x_wconf 65' lang='lat' dir='ltr'><strong>renovanti-5.</strong></span> <span class='ocrx_word' id='word_1_250' title='bbox 1788 2938 2069 2994; x_wconf 69' lang='grc' dir='ltr'>ΕειιιιιΙιιιιι</span> <span class='ocrx_word' id='word_1_251' title='bbox 2105 2959 2125 2992; x_wconf 73' lang='grc' dir='ltr'><strong>ι</strong></span> <span class='ocrx_word' id='word_1_252' title='bbox 2147 2938 2259 2994; x_wconf 71' lang='lat' dir='ltr'><strong>iam</strong></span> <span class='ocrx_word' id='word_1_253' title='bbox 2289 2934 2378 2994; x_wconf 67' lang='lat' dir='ltr'><strong>iil*-</strong></span> 
     </span>
     <span class='ocr_line' id='line_1_35' title="bbox 831 3024 2381 3110; baseline 0.003 -25"><span class='ocrx_word' id='word_1_254' title='bbox 831 3024 1116 3103; x_wconf 76' lang='lat' dir='ltr'><strong>tttiterunt</strong></span> <span class='ocrx_word' id='word_1_255' title='bbox 1131 3026 1332 3089; x_wconf 76' lang='lat' dir='ltr'><strong>Patres</strong></span> <span class='ocrx_word' id='word_1_256' title='bbox 1347 3026 1599 3089; x_wconf 83' lang='lat' dir='ltr'><strong>Concilii</strong></span> <span class='ocrx_word' id='word_1_257' title='bbox 1618 3032 1970 3110; x_wconf 69' lang='lat' dir='ltr'><strong>Libanensis</strong></span> <span class='ocrx_word' id='word_1_258' title='bbox 1986 3054 2021 3090; x_wconf 80' lang='lat' dir='ltr'><strong>a</strong></span> <span class='ocrx_word' id='word_1_259' title='bbox 2043 3032 2226 3091; x_wconf 72' lang='lat' dir='ltr'><strong>Nobis</strong></span> <span class='ocrx_word' id='word_1_260' title='bbox 2242 3049 2381 3092; x_wconf 84' lang='lat' dir='ltr'><strong>oon-</strong></span> 
     </span>
     <span class='ocr_line' id='line_1_36' title="bbox 829 3111 2377 3205; baseline 0.004 -25"><span class='ocrx_word' id='word_1_261' title='bbox 829 3114 1079 3195; x_wconf 67' lang='lat' dir='ltr'><strong>firmati&#39;,</strong></span> <span class='ocrx_word' id='word_1_262' title='bbox 1099 3111 1273 3184; x_wconf 77' lang='lat' dir='ltr'><strong>sicuti</strong></span> <span class='ocrx_word' id='word_1_263' title='bbox 1293 3124 1455 3205; x_wconf 71' lang='lat' dir='ltr'><strong>patet</strong></span> <span class='ocrx_word' id='word_1_264' title='bbox 1477 3130 1551 3184; x_wconf 69' lang='lat' dir='ltr'><strong>ex·</strong></span> <span class='ocrx_word' id='word_1_265' title='bbox 1569 3145 1618 3186; x_wconf 87' lang='lat' dir='ltr'><strong>c.</strong></span> <span class='ocrx_word' id='word_1_266' title='bbox 1652 3129 1746 3186; x_wconf 77' lang='lat'><strong>12.</strong></span> <span class='ocrx_word' id='word_1_267' title='bbox 1779 3126 1842 3186; x_wconf 81' lang='lat' dir='ltr'><strong>de</strong></span> <span class='ocrx_word' id='word_1_268' title='bbox 1864 3124 2235 3199; x_wconf 73' lang='lat' dir='ltr'><strong>sacramento</strong></span> <span class='ocrx_word' id='word_1_269' title='bbox 2253 3125 2377 3190; x_wconf 69' lang='lat' dir='ltr'><strong>Ec-</strong></span> 
     </span>
     <span class='ocr_line' id='line_1_37' title="bbox 829 3215 2373 3300; baseline 0.005 -25"><span class='ocrx_word' id='word_1_270' title='bbox 829 3215 1062 3276; x_wconf 68' lang='lat' dir='ltr'><strong>chariat.</strong></span> <span class='ocrx_word' id='word_1_271' title='bbox 1094 3237 1154 3277; x_wconf 83' lang='lat' dir='ltr'><strong>n.</strong></span> <span class='ocrx_word' id='word_1_272' title='bbox 1187 3222 1286 3281; x_wconf 71' lang='lat' dir='ltr'><strong>at.</strong></span> <span class='ocrx_word' id='word_1_273' title='bbox 1318 3219 1556 3292; x_wconf 80' lang='lat' dir='ltr'><strong>Quibus</strong></span> <span class='ocrx_word' id='word_1_274' title='bbox 1576 3239 1719 3282; x_wconf 83' lang='lat' dir='ltr'><strong>sane</strong></span> <span class='ocrx_word' id='word_1_275' title='bbox 1744 3220 2035 3300; x_wconf 81' lang='lat' dir='ltr'><strong>exemplis</strong></span> <span class='ocrx_word' id='word_1_276' title='bbox 2056 3220 2373 3283; x_wconf 74' lang='lat' dir='ltr'><strong>manifesto</strong></span> 
     </span>
     <span class='ocr_line' id='line_1_38' title="bbox 827 3312 2373 3399; baseline 0.005 -29"><span class='ocrx_word' id='word_1_277' title='bbox 827 3312 1286 3399; x_wconf 69' lang='lat' dir='ltr'><strong>comprobatur,</strong></span> <span class='ocrx_word' id='word_1_278' title='bbox 1316 3313 1479 3393; x_wconf 62' lang='lat' dir='ltr'><strong>quo*d</strong></span> <span class='ocrx_word' id='word_1_279' title='bbox 1501 3314 1679 3376; x_wconf 70' lang='lat' dir='ltr'><strong>Sedes</strong></span> <span class='ocrx_word' id='word_1_280' title='bbox 1702 3315 1939 3395; x_wconf 76' lang='lat' dir='ltr'><strong>Apostol</strong></span> <span class='ocrx_word' id='word_1_281' title='bbox 1949 3315 2036 3377; x_wconf 81' lang='lat' dir='ltr'><strong>ica</strong></span> <span class='ocrx_word' id='word_1_282' title='bbox 2061 3333 2373 3396; x_wconf 87' lang='lat' dir='ltr'><strong>nunquam</strong></span> 
     </span>
     <span class='ocr_line' id='line_1_39' title="bbox 827 3399 2372 3490; baseline -0.001 -16"><span class='ocrx_word' id='word_1_283' title='bbox 827 3399 1097 3474; x_wconf 69' lang='lat' dir='ltr'><strong>omiserit</strong></span> <span class='ocrx_word' id='word_1_284' title='bbox 1119 3406 1363 3469; x_wconf 85' lang='lat' dir='ltr'><strong>Graecis</strong></span> <span class='ocrx_word' id='word_1_285' title='bbox 1390 3403 1743 3470; x_wconf 77' lang='lat' dir='ltr'><strong>interdicere</strong></span> <span class='ocrx_word' id='word_1_286' title='bbox 1769 3409 1941 3471; x_wconf 83' lang='lat' dir='ltr'><strong>Ritus</strong></span> <span class='ocrx_word' id='word_1_287' title='bbox 1965 3410 2223 3490; x_wconf 85' lang='lat' dir='ltr'><strong>aliquos</strong></span> <span class='ocrx_word' id='word_1_288' title='bbox 2232 3410 2372 3484; x_wconf 85' lang='lat' dir='ltr'><strong>licet</strong></span> 
     </span>
     <span class='ocr_line' id='line_1_40' title="bbox 829 3500 2369 3585; baseline 0.003 -24"><span class='ocrx_word' id='word_1_289' title='bbox 829 3500 991 3580; x_wconf 86' lang='lat' dir='ltr'><strong>apud</strong></span> <span class='ocrx_word' id='word_1_290' title='bbox 1010 3520 1112 3563; x_wconf 87' lang='lat' dir='ltr'><strong>eos</strong></span> <span class='ocrx_word' id='word_1_291' title='bbox 1116 3502 1479 3583; x_wconf 74' lang='lat' dir='ltr'><strong>jampridem</strong></span> <span class='ocrx_word' id='word_1_292' title='bbox 1491 3503 1855 3578; x_wconf 89' lang='lat' dir='ltr'><strong>obtinerent,</strong></span> <span class='ocrx_word' id='word_1_293' title='bbox 1880 3505 2113 3585; x_wconf 86' lang='lat' dir='ltr'><strong>quoties</strong></span> <span class='ocrx_word' id='word_1_294' title='bbox 2131 3504 2369 3566; x_wconf 90' lang='lat' dir='ltr'><strong>eosdem</strong></span> 
     </span>
     <span class='ocr_line' id='line_1_41' title="bbox 829 3595 2373 3703; baseline 0.003 -48"><span class='ocrx_word' id='word_1_295' title='bbox 829 3595 1194 3675; x_wconf 81' lang='lat' dir='ltr'><strong>perniciosos</strong></span> <span class='ocrx_word' id='word_1_296' title='bbox 1211 3602 1272 3683; x_wconf 75' lang='lat' dir='ltr'><strong>et</strong></span> <span class='ocrx_word' id='word_1_297' title='bbox 1291 3595 1479 3658; x_wconf 88' lang='lat' dir='ltr'><strong>malos</strong></span> <span class='ocrx_word' id='word_1_298' title='bbox 1505 3616 1652 3703; x_wconf 82' lang='lat' dir='ltr'><strong>esse,</strong></span> <span class='ocrx_word' id='word_1_299' title='bbox 1676 3606 1782 3659; x_wconf 86' lang='lat' dir='ltr'><strong>aut</strong></span> <span class='ocrx_word' id='word_1_300' title='bbox 1801 3599 2056 3660; x_wconf 88' lang='lat' dir='ltr'><strong>evadere</strong></span> <span class='ocrx_word' id='word_1_301' title='bbox 2079 3608 2249 3687; x_wconf 77' lang='lat' dir='ltr'><strong>posse</strong></span> <span class='ocrx_word' id='word_1_302' title='bbox 2274 3599 2373 3694; x_wconf 86' lang='lat' dir='ltr'><strong>de·</strong></span> 
     </span>
     <span class='ocr_line' id='line_1_42' title="bbox 827 3688 2256 3771; baseline 0.003 -20"><span class='ocrx_word' id='word_1_303' title='bbox 827 3688 1165 3771; x_wconf 81' lang='lat' dir='ltr'><strong>prehendit.</strong></span> <span class='ocrx_word' id='word_1_304' title='bbox 2253 3716 2256 3722; x_wconf 79' lang='grc'><strong>’</strong></span> 
     </span>
    </p>

    <p class='ocr_par' dir='ltr' id='par_1_20' title="bbox 483 3774 2373 4340">
     <span class='ocr_line' id='line_1_43' title="bbox 940 3774 2373 3868; baseline 0.004 -23"><span class='ocrx_word' id='word_1_305' title='bbox 940 3783 1006 3867; x_wconf 68' lang='lat' dir='ltr'><strong>S.</strong></span> <span class='ocrx_word' id='word_1_306' title='bbox 1047 3790 1144 3846; x_wconf 84' lang='grc'><strong>30.</strong></span> <span class='ocrx_word' id='word_1_307' title='bbox 1181 3786 1268 3847; x_wconf 81' lang='lat' dir='ltr'><strong>De</strong></span> <span class='ocrx_word' id='word_1_308' title='bbox 1286 3781 1667 3848; x_wconf 86' lang='lat' dir='ltr'><strong>Processione</strong></span> <span class='ocrx_word' id='word_1_309' title='bbox 1685 3786 1944 3868; x_wconf 83' lang='lat' dir='ltr'><strong>Spiritus</strong></span> <span class='ocrx_word' id='word_1_310' title='bbox 1965 3774 2165 3850; x_wconf 82' lang='lat' dir='ltr'><strong>Sancti</strong></span> <span class='ocrx_word' id='word_1_311' title='bbox 2191 3808 2227 3850; x_wconf 85' lang='lat' dir='ltr'><strong>a</strong></span> <span class='ocrx_word' id='word_1_312' title='bbox 2259 3789 2373 3850; x_wconf 88' lang='lat' dir='ltr'><strong>Pa-</strong></span> 
     </span>
     <span class='ocr_line' id='line_1_44' title="bbox 491 3868 2373 3972; baseline 0.003 -35"><span class='ocrx_word' id='word_1_313' title='bbox 491 3887 682 3972; x_wconf 55' lang='lat'>²⁰⁸⁰·</span> <span class='ocrx_word' id='word_1_314' title='bbox 753 3882 953 3950; x_wconf 71' lang='lat' dir='ltr'><strong>‘·,tre</strong></span> <span class='ocrx_word' id='word_1_315' title='bbox 980 3896 1050 3940; x_wconf 89' lang='lat' dir='ltr'><strong>ac</strong></span> <span class='ocrx_word' id='word_1_316' title='bbox 1078 3876 1256 3952; x_wconf 83' lang='lat' dir='ltr'><strong>Filio,</strong></span> <span class='ocrx_word' id='word_1_317' title='bbox 1282 3868 1786 3959; x_wconf 82' lang='lat' dir='ltr'><strong>quemadmodum</strong></span> <span class='ocrx_word' id='word_1_318' title='bbox 1833 3876 2110 3961; x_wconf 77' lang='lat' dir='ltr'><strong>superius</strong></span> <span class='ocrx_word' id='word_1_319' title='bbox 2140 3880 2373 3967; x_wconf 91' lang='lat' dir='ltr'><strong>indica-</strong></span> 
     </span>
     <span class='ocr_line' id='line_1_45' title="bbox 489 3970 2373 4081; baseline 0.003 -49"><span class='ocrx_word' id='word_1_320' title='bbox 489 3988 617 4032; x_wconf 67' lang='lat' dir='ltr'><strong>suta</strong></span> <span class='ocrx_word' id='word_1_321' title='bbox 712 4000 788 4046; x_wconf 72' lang='lat' dir='ltr'><strong>pro</strong></span> <span class='ocrx_word' id='word_1_322' title='bbox 827 3970 1046 4081; x_wconf 81' lang='lat' dir='ltr'><strong>vimus,</strong></span> <span class='ocrx_word' id='word_1_323' title='bbox 1094 3972 1413 4054; x_wconf 75' lang='lat' dir='ltr'><strong>praecipue</strong></span> <span class='ocrx_word' id='word_1_324' title='bbox 1445 3974 1815 4055; x_wconf 85' lang='lat' dir='ltr'><strong>disputatum</strong></span> <span class='ocrx_word' id='word_1_325' title='bbox 1842 3983 1971 4048; x_wconf 91' lang='lat' dir='ltr'><strong>est,</strong></span> <span class='ocrx_word' id='word_1_326' title='bbox 2007 3973 2252 4055; x_wconf 72' lang='lat' dir='ltr'><strong>quoties</strong></span> <span class='ocrx_word' id='word_1_327' title='bbox 2296 3975 2373 4037; x_wconf 86' lang='lat' dir='ltr'><strong>de</strong></span> 
     </span>
     <span class='ocr_line' id='line_1_46' title="bbox 483 4045 2371 4159; baseline 0.001 -32"><span class='ocrx_word' id='word_1_328' title='bbox 483 4045 786 4159; x_wconf 30' lang='lat' dir='ltr'><strong>’imm-</strong></span> <span class='ocrx_word' id='word_1_329' title='bbox 827 4066 1052 4130; x_wconf 89' lang='lat' dir='ltr'><strong>unione</strong></span> <span class='ocrx_word' id='word_1_330' title='bbox 1087 4067 1383 4143; x_wconf 83' lang='lat' dir='ltr'><strong>Graecae,</strong></span> <span class='ocrx_word' id='word_1_331' title='bbox 1440 4078 1499 4132; x_wconf 89' lang='lat' dir='ltr'><strong>et</strong></span> <span class='ocrx_word' id='word_1_332' title='bbox 1540 4069 1880 4140; x_wconf 82' lang='lat' dir='ltr'><strong>Orientalis&#39;</strong></span> <span class='ocrx_word' id='word_1_333' title='bbox 1909 4069 2206 4132; x_wconf 79' lang='lat' dir='ltr'><strong>Ecclesiae</strong></span> <span class='ocrx_word' id='word_1_334' title='bbox 2235 4090 2371 4131; x_wconf 87' lang='lat' dir='ltr'><strong>cum</strong></span> 
     </span>
     <span class='ocr_line' id='line_1_47' title="bbox 490 4148 2372 4259; baseline 0.003 -38"><span class='ocrx_word' id='word_1_335' title='bbox 490 4159 584 4256; x_wconf 51' lang='grc' dir='ltr'><strong>Τ</strong></span> <span class='ocrx_word' id='word_1_336' title='bbox 571 4167 654 4258; x_wconf 57' lang='lat'><strong>³:23</strong></span> <span class='ocrx_word' id='word_1_337' title='bbox 698 4160 788 4259; x_wconf 57' lang='grc' dir='ltr'><strong>ἐξ·</strong></span> <span class='ocrx_word' id='word_1_338' title='bbox 827 4161 1063 4236; x_wconf 88' lang='lat' dir='ltr'><strong>Latina,</strong></span> <span class='ocrx_word' id='word_1_339' title='bbox 1093 4171 1154 4225; x_wconf 91' lang='lat' dir='ltr'><strong>et</strong></span> <span class='ocrx_word' id='word_1_340' title='bbox 1171 4148 1540 4228; x_wconf 78' lang='lat' dir='ltr'><strong>occidentali</strong></span> <span class='ocrx_word' id='word_1_341' title='bbox 1569 4173 1765 4226; x_wconf 86' lang='lat' dir='ltr'><strong>actum</strong></span> <span class='ocrx_word' id='word_1_342' title='bbox 1797 4163 1952 4226; x_wconf 85' lang='lat' dir='ltr'><strong>fuit.</strong></span> <span class='ocrx_word' id='word_1_343' title='bbox 2000 4165 2199 4257; x_wconf 83' lang='lat' dir='ltr'><strong>Hujus</strong></span> <span class='ocrx_word' id='word_1_344' title='bbox 2228 4164 2372 4226; x_wconf 86' lang='lat' dir='ltr'><strong>arti·</strong></span> 
     </span>
     <span class='ocr_line' id='line_1_48' title="bbox 491 4229 2366 4340; baseline 0.001 -25"><span class='ocrx_word' id='word_1_345' title='bbox 491 4229 645 4317; x_wconf 50' lang='lat' dir='ltr'><strong>bigati.</strong></span> <span class='ocrx_word' id='word_1_346' title='bbox 824 4240 945 4317; x_wconf 78' lang='lat' dir='ltr'><strong>culi</strong></span> <span class='ocrx_word' id='word_1_347' title='bbox 970 4276 1222 4320; x_wconf 82' lang='lat' dir='ltr'><strong>examen</strong></span> <span class='ocrx_word' id='word_1_348' title='bbox 1273 4256 1500 4321; x_wconf 85' lang='lat' dir='ltr'><strong>trinam</strong></span> <span class='ocrx_word' id='word_1_349' title='bbox 1534 4259 1721 4322; x_wconf 87' lang='lat' dir='ltr'><strong>veluti</strong></span> <span class='ocrx_word' id='word_1_350' title='bbox 1751 4259 1964 4321; x_wconf 85' lang='lat' dir='ltr'><strong>faciem</strong></span> <span class='ocrx_word' id='word_1_351' title='bbox 1999 4258 2366 4340; x_wconf 69' lang='lat' dir='ltr'><strong>praesetnlit,</strong></span> 
     </span>
    </p>

    <p class='ocr_par' dir='ltr' id='par_1_21' title="bbox 819 4340 2368 5563">
     <span class='ocr_line' id='line_1_49' title="bbox 822 4340 2362 4433; baseline 0.002 -24"><span class='ocrx_word' id='word_1_352' title='bbox 822 4349 1005 4429; x_wconf 86' lang='lat' dir='ltr'><strong>atque</strong></span> <span class='ocrx_word' id='word_1_353' title='bbox 1047 4351 1196 4412; x_wconf 90' lang='lat' dir='ltr'><strong>adeo</strong></span> <span class='ocrx_word' id='word_1_354' title='bbox 1222 4351 1299 4414; x_wconf 90' lang='lat' dir='ltr'><strong>ad</strong></span> <span class='ocrx_word' id='word_1_355' title='bbox 1341 4353 1490 4416; x_wconf 85' lang='lat' dir='ltr'><strong>haec</strong></span> <span class='ocrx_word' id='word_1_356' title='bbox 1519 4354 1633 4415; x_wconf 90' lang='lat' dir='ltr'><strong>tria</strong></span> <span class='ocrx_word' id='word_1_357' title='bbox 1675 4352 1876 4433; x_wconf 86' lang='lat' dir='ltr'><strong>capita</strong></span> <span class='ocrx_word' id='word_1_358' title='bbox 1907 4340 2213 4415; x_wconf 86' lang='lat' dir='ltr'><strong>redactum</strong></span> <span class='ocrx_word' id='word_1_359' title='bbox 2245 4359 2362 4413; x_wconf 87' lang='lat' dir='ltr'><strong>est.</strong></span> 
     </span>
     <span class='ocr_line' id='line_1_50' title="bbox 820 4431 2368 4528; baseline 0.003 -25"><span class='ocrx_word' id='word_1_360' title='bbox 820 4431 1127 4519; x_wconf 86' lang='lat' dir='ltr'><strong>Primum,</strong></span> <span class='ocrx_word' id='word_1_361' title='bbox 1162 4465 1239 4507; x_wconf 92' lang='lat' dir='ltr'><strong>an</strong></span> <span class='ocrx_word' id='word_1_362' title='bbox 1280 4447 1574 4526; x_wconf 83' lang='lat' dir='ltr'><strong>processio</strong></span> <span class='ocrx_word' id='word_1_363' title='bbox 1596 4447 1866 4528; x_wconf 87' lang='lat' dir='ltr'><strong>Spiritus</strong></span> <span class='ocrx_word' id='word_1_364' title='bbox 1893 4447 2161 4510; x_wconf 79' lang='lat' dir='ltr'><strong>Sanctia</strong></span> <span class='ocrx_word' id='word_1_365' title='bbox 2193 4447 2368 4509; x_wconf 90' lang='lat' dir='ltr'><strong>Patre</strong></span> 
     </span>
     <span class='ocr_line' id='line_1_51' title="bbox 824 4537 2367 4627; baseline 0.001 -27"><span class='ocrx_word' id='word_1_366' title='bbox 824 4547 887 4600; x_wconf 88' lang='lat' dir='ltr'><strong>et</strong></span> <span class='ocrx_word' id='word_1_367' title='bbox 910 4537 1072 4600; x_wconf 82' lang='lat' dir='ltr'><strong>Filio</strong></span> <span class='ocrx_word' id='word_1_368' title='bbox 1100 4549 1250 4603; x_wconf 83' lang='lat' dir='ltr'><strong>esset</strong></span> <span class='ocrx_word' id='word_1_369' title='bbox 1277 4542 1444 4604; x_wconf 88' lang='lat' dir='ltr'><strong>Fidei</strong></span> <span class='ocrx_word' id='word_1_370' title='bbox 1475 4544 1736 4624; x_wconf 77' lang='lat' dir='ltr'><strong>Dogma.</strong></span> <span class='ocrx_word' id='word_1_371' title='bbox 1773 4549 1834 4602; x_wconf 91' lang='lat' dir='ltr'><strong>et</strong></span> <span class='ocrx_word' id='word_1_372' title='bbox 1877 4543 2091 4622; x_wconf 88' lang='lat' dir='ltr'><strong>quoad</strong></span> <span class='ocrx_word' id='word_1_373' title='bbox 2105 4541 2367 4627; x_wconf 81' lang='lat' dir='ltr'><strong>primum</strong></span> 
     </span>
     <span class='ocr_line' id='line_1_52' title="bbox 824 4620 2362 4719; baseline 0.001 -24"><span class='ocrx_word' id='word_1_374' title='bbox 824 4632 948 4719; x_wconf 82' lang='lat' dir='ltr'><strong>hoc</strong></span> <span class='ocrx_word' id='word_1_375' title='bbox 963 4644 1164 4716; x_wconf 78' lang='lat' dir='ltr'><strong>caput,</strong></span> <span class='ocrx_word' id='word_1_376' title='bbox 1193 4620 1537 4698; x_wconf 73' lang='lat' dir='ltr'><strong>firmissime</strong></span> <span class='ocrx_word' id='word_1_377' title='bbox 1563 4655 1912 4716; x_wconf 88' lang='lat' dir='ltr'><strong>responsum</strong></span> <span class='ocrx_word' id='word_1_378' title='bbox 1939 4656 2170 4716; x_wconf 85' lang='lat' dir='ltr'><strong>semper</strong></span> <span class='ocrx_word' id='word_1_379' title='bbox 2198 4635 2362 4710; x_wconf 86' lang='lat' dir='ltr'><strong>fuit,</strong></span> 
     </span>
     <span class='ocr_line' id='line_1_53' title="bbox 820 4728 2365 4817; baseline 0.001 -28"><span class='ocrx_word' id='word_1_380' title='bbox 820 4747 943 4789; x_wconf 82' lang='grc' dir='ltr'>ιιοιι</span> <span class='ocrx_word' id='word_1_381' title='bbox 965 4748 1089 4790; x_wconf 84' lang='lat' dir='ltr'><strong>esse</strong></span> <span class='ocrx_word' id='word_1_382' title='bbox 1120 4728 1247 4791; x_wconf 90' lang='lat' dir='ltr'><strong>ullo</strong></span> <span class='ocrx_word' id='word_1_383' title='bbox 1270 4729 1444 4792; x_wconf 85' lang='lat' dir='ltr'><strong>modo</strong></span> <span class='ocrx_word' id='word_1_384' title='bbox 1471 4729 1895 4817; x_wconf 70' lang='lat' dir='ltr'><strong>dubitandum,</strong></span> <span class='ocrx_word' id='word_1_385' title='bbox 1949 4728 2098 4808; x_wconf 91' lang='lat' dir='ltr'><strong>quin</strong></span> <span class='ocrx_word' id='word_1_386' title='bbox 2130 4748 2365 4808; x_wconf 84' lang='lat' dir='ltr'><strong>proees-</strong></span> 
     </span>
     <span class='ocr_line' id='line_1_54' title="bbox 822 4821 2363 4902; baseline -0.001 -18"><span class='ocrx_word' id='word_1_387' title='bbox 822 4821 914 4884; x_wconf 84' lang='lat' dir='ltr'><strong>sio</strong></span> <span class='ocrx_word' id='word_1_388' title='bbox 941 4821 1200 4902; x_wconf 86' lang='lat' dir='ltr'><strong>Spiritus</strong></span> <span class='ocrx_word' id='word_1_389' title='bbox 1224 4823 1424 4889; x_wconf 88' lang='lat' dir='ltr'><strong>Sancti</strong></span> <span class='ocrx_word' id='word_1_390' title='bbox 1448 4844 1486 4886; x_wconf 91' lang='lat' dir='ltr'><strong>a</strong></span> <span class='ocrx_word' id='word_1_391' title='bbox 1507 4824 1685 4891; x_wconf 87' lang='lat' dir='ltr'><strong>Patre</strong></span> <span class='ocrx_word' id='word_1_392' title='bbox 1707 4832 1766 4885; x_wconf 87' lang='lat' dir='ltr'><strong>et</strong></span> <span class='ocrx_word' id='word_1_393' title='bbox 1817 4822 1977 4884; x_wconf 87' lang='lat' dir='ltr'><strong>Filio</strong></span> <span class='ocrx_word' id='word_1_394' title='bbox 2011 4822 2177 4882; x_wconf 87' lang='lat' dir='ltr'><strong>inter</strong></span> <span class='ocrx_word' id='word_1_395' title='bbox 2196 4823 2363 4883; x_wconf 77' lang='lat' dir='ltr'><strong>Fidei</strong></span> 
     </span>
     <span class='ocr_line' id='line_1_55' title="bbox 823 4913 2363 5021; baseline -0.001 -43"><span class='ocrx_word' id='word_1_396' title='bbox 823 4916 1116 5021; x_wconf 76' lang='lat' dir='ltr'><strong>Dogmata</strong></span> <span class='ocrx_word' id='word_1_397' title='bbox 1137 4918 1601 4993; x_wconf 85' lang='lat' dir='ltr'><strong>adnumeretur,</strong></span> <span class='ocrx_word' id='word_1_398' title='bbox 1631 4937 1828 4999; x_wconf 87' lang='lat' dir='ltr'><strong>neque</strong></span> <span class='ocrx_word' id='word_1_399' title='bbox 1849 4913 2221 4978; x_wconf 81' lang='lat' dir='ltr'><strong>Catholicum</strong></span> <span class='ocrx_word' id='word_1_400' title='bbox 2269 4935 2363 4976; x_wconf 81' lang='lat' dir='ltr'><strong>re-</strong></span> 
     </span>
     <span class='ocr_line' id='line_1_56' title="bbox 824 4999 2357 5097; baseline -0.004 -22"><span class='ocrx_word' id='word_1_401' title='bbox 824 5010 970 5083; x_wconf 75' lang='lat' dir='ltr'><strong>vera</strong></span> <span class='ocrx_word' id='word_1_402' title='bbox 995 5031 1144 5086; x_wconf 87' lang='lat' dir='ltr'><strong>esse,</strong></span> <span class='ocrx_word' id='word_1_403' title='bbox 1164 5012 1295 5092; x_wconf 92' lang='lat' dir='ltr'><strong>qui</strong></span> <span class='ocrx_word' id='word_1_404' title='bbox 1316 5010 1471 5073; x_wconf 87' lang='lat' dir='ltr'><strong>illud</strong></span> <span class='ocrx_word' id='word_1_405' title='bbox 1499 5029 1619 5073; x_wconf 90' lang='lat' dir='ltr'><strong>non</strong></span> <span class='ocrx_word' id='word_1_406' title='bbox 1644 5009 1876 5097; x_wconf 81' lang='lat' dir='ltr'><strong>recipit,</strong></span> <span class='ocrx_word' id='word_1_407' title='bbox 1912 5030 1980 5073; x_wconf 88' lang='lat' dir='ltr'><strong>ac</strong></span> <span class='ocrx_word' id='word_1_408' title='bbox 2018 4999 2357 5090; x_wconf 74' lang='lat' dir='ltr'><strong>profitetur.</strong></span> 
     </span>
     <span class='ocr_line' id='line_1_57' title="bbox 824 5096 2360 5186; baseline -0.003 -17"><span class='ocrx_word' id='word_1_409' title='bbox 824 5104 1125 5179; x_wconf 83' lang='lat' dir='ltr'><strong>Alterum,</strong></span> <span class='ocrx_word' id='word_1_410' title='bbox 1176 5124 1253 5167; x_wconf 87' lang='lat' dir='ltr'><strong>an</strong></span> <span class='ocrx_word' id='word_1_411' title='bbox 1278 5105 1479 5186; x_wconf 87' lang='lat' dir='ltr'><strong>posito</strong></span> <span class='ocrx_word' id='word_1_412' title='bbox 1527 5096 1641 5168; x_wconf 82' lang='lat' dir='ltr'><strong>bo‘c</strong></span> <span class='ocrx_word' id='word_1_413' title='bbox 1683 5118 1809 5168; x_wconf 86' lang='lat' dir='ltr'><strong>esse</strong></span> <span class='ocrx_word' id='word_1_414' title='bbox 1847 5125 2037 5167; x_wconf 86' lang='lat' dir='ltr'><strong>unum</strong></span> <span class='ocrx_word' id='word_1_415' title='bbox 2084 5125 2157 5166; x_wconf 81' lang='lat' dir='ltr'><strong>ex</strong></span> <span class='ocrx_word' id='word_1_416' title='bbox 2192 5103 2360 5168; x_wconf 83' lang='lat' dir='ltr'><strong>Fidei</strong></span> 
     </span>
     <span class='ocr_line' id='line_1_58' title="bbox 820 5182 2359 5285; baseline -0.001 -21"><span class='ocrx_word' id='word_1_417' title='bbox 820 5200 1238 5283; x_wconf 71' lang='lat' dir='ltr'><strong>Dogmatibus,</strong></span> <span class='ocrx_word' id='word_1_418' title='bbox 1267 5199 1548 5271; x_wconf 86' lang='lat' dir='ltr'><strong>licuerit</strong></span> <span class='ocrx_word' id='word_1_419' title='bbox 1532 5221 1594 5262; x_wconf 88' lang='grc' dir='ltr'><strong>ιιι</strong></span> <span class='ocrx_word' id='word_1_420' title='bbox 1597 5182 1912 5285; x_wconf 79' lang='lat' dir='ltr'><strong>Symbolo</strong></span> <span class='ocrx_word' id='word_1_421' title='bbox 1948 5200 2164 5262; x_wconf 87' lang='lat' dir='ltr'><strong>Missae</strong></span> <span class='ocrx_word' id='word_1_422' title='bbox 2180 5213 2359 5280; x_wconf 85' lang='lat' dir='ltr'><strong>supe-</strong></span> 
     </span>
     <span class='ocr_line' id='line_1_59' title="bbox 823 5290 2361 5396; baseline -0.001 -41"><span class='ocrx_word' id='word_1_423' title='bbox 823 5294 1079 5357; x_wconf 85' lang='lat' dir='ltr'><strong>raddere</strong></span> <span class='ocrx_word' id='word_1_424' title='bbox 1114 5294 1369 5358; x_wconf 77' lang='lat' dir='ltr'><strong>verbum</strong></span> <span class='ocrx_word' id='word_1_425' title='bbox 1425 5290 1708 5396; x_wconf 73' lang='lat' dir='ltr'><strong>Filioque,</strong></span> <span class='ocrx_word' id='word_1_426' title='bbox 1739 5293 2018 5377; x_wconf 83' lang='lat' dir='ltr'><strong>quamvis</strong></span> <span class='ocrx_word' id='word_1_427' title='bbox 2052 5290 2261 5379; x_wconf 81' lang='lat' dir='ltr'><strong>neqne</strong></span> <span class='ocrx_word' id='word_1_428' title='bbox 2296 5290 2361 5353; x_wconf 89' lang='lat' dir='ltr'><strong>in</strong></span> 
     </span>
     <span class='ocr_line' id='line_1_60' title="bbox 819 5357 2361 5471; baseline 0.001 -23"><span class='ocrx_word' id='word_1_429' title='bbox 819 5381 1114 5461; x_wconf 73' lang='lat' dir='ltr'><strong>Nicaena,</strong></span> <span class='ocrx_word' id='word_1_430' title='bbox 1151 5388 1348 5469; x_wconf 62' lang='lat' dir='ltr'><strong>neque</strong></span> <span class='ocrx_word' id='word_1_431' title='bbox 1375 5388 1439 5459; x_wconf 86' lang='lat' dir='ltr'><strong>in</strong></span> <span class='ocrx_word' id='word_1_432' title='bbox 1455 5357 2085 5471; x_wconf 81' lang='lat' dir='ltr'><strong>Costantinopolitana</strong></span> <span class='ocrx_word' id='word_1_433' title='bbox 2115 5386 2361 5469; x_wconf 69' lang='lat' dir='ltr'><strong>synodo</strong></span> 
     </span>
     <span class='ocr_line' id='line_1_61' title="bbox 824 5474 2361 5563; baseline 0 -23"><span class='ocrx_word' id='word_1_434' title='bbox 824 5477 991 5541; x_wconf 87' lang='lat' dir='ltr'><strong>illud</strong></span> <span class='ocrx_word' id='word_1_435' title='bbox 990 5480 1320 5561; x_wconf 84' lang='lat' dir='ltr'><strong>reperitur,</strong></span> <span class='ocrx_word' id='word_1_436' title='bbox 1341 5474 1478 5550; x_wconf 88' lang='lat' dir='ltr'><strong>cum</strong></span> <span class='ocrx_word' id='word_1_437' title='bbox 1506 5481 1875 5563; x_wconf 84' lang='lat' dir='ltr'><strong>potissimum</strong></span> <span class='ocrx_word' id='word_1_438' title='bbox 1896 5482 1974 5545; x_wconf 89' lang='lat' dir='ltr'><strong>ab</strong></span> <span class='ocrx_word' id='word_1_439' title='bbox 2003 5478 2361 5543; x_wconf 79' lang='lat' dir='ltr'><strong>oecumeni-</strong></span> 
     </span>
    </p>
   </div>
   <div class='ocr_carea' id='block_1_15' title="bbox 493 3817 785 3884">
    <p class='ocr_par' dir='ltr' id='par_1_22' title="bbox 493 3817 785 3884">
     <span class='ocr_line' id='line_1_62' title="bbox 493 3817 785 3884; baseline -0.003 -24"><span class='ocrx_word' id='word_1_440' title='bbox 493 3817 785 3916; x_wconf 49' lang='grc' dir='ltr'>Βατιν-</span> 
     </span>
    </p>
   </div>
   <div class='ocr_carea' id='block_1_16' title="bbox 2467 1702 4051 5558">
    <p class='ocr_par' dir='ltr' id='par_1_23' title="bbox 2467 1702 4051 5558">
     <span class='ocr_line' id='line_1_63' title="bbox 2494 1702 4044 1782; baseline 0.007 -21"><span class='ocrx_word' id='word_1_441' title='bbox 2494 1702 2637 1777; x_wconf 77' lang='lat' dir='ltr'><strong>riaS,</strong></span> <span class='ocrx_word' id='word_1_442' title='bbox 2667 1714 2782 1766; x_wconf 89' lang='lat' dir='ltr'><strong>eta</strong></span> <span class='ocrx_word' id='word_1_443' title='bbox 2806 1707 3107 1780; x_wconf 83' lang='lat' dir='ltr'><strong>communi</strong></span> <span class='ocrx_word' id='word_1_444' title='bbox 3161 1707 3592 1770; x_wconf 87' lang='lat' dir='ltr'><strong>consuetudine</strong></span> <span class='ocrx_word' id='word_1_445' title='bbox 3617 1708 3866 1782; x_wconf 78' lang='lat' dir='ltr'><strong>devias·</strong></span> <span class='ocrx_word' id='word_1_446' title='bbox 3917 1730 4044 1772; x_wconf 83' lang='lat' dir='ltr'><strong>non</strong></span> 
     </span>
     <span class='ocr_line' id='line_1_64' title="bbox 2496 1786 4042 1882; baseline 0.005 -25"><span class='ocrx_word' id='word_1_447' title='bbox 2496 1815 2639 1858; x_wconf 83' lang='lat' dir='ltr'><strong>vere</strong></span> <span class='ocrx_word' id='word_1_448' title='bbox 2659 1786 3044 1873; x_wconf 81' lang='lat' dir='ltr'><strong>orthodoxas,</strong></span> <span class='ocrx_word' id='word_1_449' title='bbox 3091 1811 3150 1862; x_wconf 91' lang='lat' dir='ltr'><strong>et</strong></span> <span class='ocrx_word' id='word_1_450' title='bbox 3180 1802 3404 1881; x_wconf 87' lang='lat' dir='ltr'><strong>quibus</strong></span> <span class='ocrx_word' id='word_1_451' title='bbox 3429 1802 3652 1882; x_wconf 84' lang='lat' dir='ltr'><strong>aliquis</strong></span> <span class='ocrx_word' id='word_1_452' title='bbox 3690 1803 3858 1864; x_wconf 86' lang='lat' dir='ltr'><strong>Fidei</strong></span> <span class='ocrx_word' id='word_1_453' title='bbox 3890 1804 4042 1866; x_wconf 87' lang='lat' dir='ltr'><strong>arti-</strong></span> 
     </span>
     <span class='ocr_line' id='line_1_65' title="bbox 2494 1885 4042 1976; baseline 0.005 -23"><span class='ocrx_word' id='word_1_454' title='bbox 2494 1885 2741 1963; x_wconf 82' lang='lat' dir='ltr'><strong>culusiu</strong></span> <span class='ocrx_word' id='word_1_455' title='bbox 2752 1895 2958 1956; x_wconf 87' lang='lat' dir='ltr'><strong>eodem</strong></span> <span class='ocrx_word' id='word_1_456' title='bbox 2976 1895 3267 1976; x_wconf 81' lang='lat' dir='ltr'><strong>Symbolo</strong></span> <span class='ocrx_word' id='word_1_457' title='bbox 3291 1895 3578 1975; x_wconf 86' lang='lat' dir='ltr'><strong>implicite</strong></span> <span class='ocrx_word' id='word_1_458' title='bbox 3595 1905 3930 1972; x_wconf 88' lang='lat' dir='ltr'><strong>contentus,</strong></span> <span class='ocrx_word' id='word_1_459' title='bbox 3954 1918 4042 1960; x_wconf 84' lang='lat' dir='ltr'><strong>es·</strong></span> 
     </span>
     <span class='ocr_line' id='line_1_66' title="bbox 2496 1986 4037 2073; baseline 0.006 -27"><span class='ocrx_word' id='word_1_460' title='bbox 2496 1986 3209 2066; x_wconf 86' lang='lat' dir='ltr'><strong>pli‹atiusdeclararetur.</strong></span> <span class='ocrx_word' id='word_1_461' title='bbox 3233 1990 3797 2073; x_wconf 80' lang='lat' dir='ltr'><strong>Tertiumdenique,</strong></span> <span class='ocrx_word' id='word_1_462' title='bbox 3811 2001 4037 2068; x_wconf 86' lang='lat' dir='ltr'><strong>utrum,</strong></span> 
     </span>
     <span class='ocr_line' id='line_1_67' title="bbox 2498 2081 4040 2165; baseline 0.006 -24"><span class='ocrx_word' id='word_1_463' title='bbox 2498 2081 2686 2160; x_wconf 87' lang='lat' dir='ltr'><strong>posita</strong></span> <span class='ocrx_word' id='word_1_464' title='bbox 2719 2089 2829 2162; x_wconf 87' lang='lat' dir='ltr'><strong>pro</strong></span> <span class='ocrx_word' id='word_1_465' title='bbox 2861 2084 3112 2145; x_wconf 88' lang='lat' dir='ltr'><strong>indubie</strong></span> <span class='ocrx_word' id='word_1_466' title='bbox 3137 2084 3303 2145; x_wconf 83' lang='lat' dir='ltr'><strong>Fidei</strong></span> <span class='ocrx_word' id='word_1_467' title='bbox 3351 2082 3629 2165; x_wconf 76' lang='lat' dir='ltr'><strong>dogmate</strong></span> <span class='ocrx_word' id='word_1_468' title='bbox 3655 2087 4040 2151; x_wconf 83' lang='lat' dir='ltr'><strong>Processione</strong></span> 
     </span>
     <span class='ocr_line' id='line_1_68' title="bbox 2495 2163 4036 2262; baseline 0.009 -32.009"><span class='ocrx_word' id='word_1_469' title='bbox 2495 2163 2753 2254; x_wconf 79' lang='lat' dir='ltr'><strong>Spiritus</strong></span> <span class='ocrx_word' id='word_1_470' title='bbox 2771 2175 2969 2242; x_wconf 85' lang='lat' dir='ltr'><strong>Sancti</strong></span> <span class='ocrx_word' id='word_1_471' title='bbox 2994 2198 3029 2239; x_wconf 89' lang='lat' dir='ltr'><strong>a</strong></span> <span class='ocrx_word' id='word_1_472' title='bbox 3055 2178 3249 2256; x_wconf 87' lang='lat' dir='ltr'><strong>Patre,</strong></span> <span class='ocrx_word' id='word_1_473' title='bbox 3283 2186 3344 2240; x_wconf 86' lang='lat' dir='ltr'><strong>et</strong></span> <span class='ocrx_word' id='word_1_474' title='bbox 3378 2179 3555 2252; x_wconf 81' lang='lat' dir='ltr'><strong>Filio,</strong></span> <span class='ocrx_word' id='word_1_475' title='bbox 3588 2180 3913 2262; x_wconf 78' lang='lat' dir='ltr'><strong>agnitaque</strong></span> <span class='ocrx_word' id='word_1_476' title='bbox 3940 2182 4036 2252; x_wconf 87' lang='lat' dir='ltr'><strong>in-</strong></span> 
     </span>
     <span class='ocr_line' id='line_1_69' title="bbox 2494 2265 4035 2356; baseline 0.006 -29"><span class='ocrx_word' id='word_1_477' title='bbox 2494 2288 2679 2349; x_wconf 89' lang='lat' dir='ltr'><strong>super</strong></span> <span class='ocrx_word' id='word_1_478' title='bbox 2712 2271 2776 2331; x_wconf 88' lang='lat' dir='ltr'><strong>in</strong></span> <span class='ocrx_word' id='word_1_479' title='bbox 2802 2270 3066 2333; x_wconf 69' lang='lat' dir='ltr'><strong>Ecclesia</strong></span> <span class='ocrx_word' id='word_1_480' title='bbox 3109 2280 3398 2352; x_wconf 77' lang='lat' dir='ltr'><strong>potestate</strong></span> <span class='ocrx_word' id='word_1_481' title='bbox 3450 2265 3707 2334; x_wconf 75' lang='lat' dir='ltr'><strong>addendi</strong></span> <span class='ocrx_word' id='word_1_482' title='bbox 3747 2274 4035 2356; x_wconf 75' lang='lat' dir='ltr'><strong>Symbolo</strong></span> 
     </span>
     <span class='ocr_line' id='line_1_70' title="bbox 2493 2342 4031 2447; baseline 0.006 -24"><span class='ocrx_word' id='word_1_483' title='bbox 2493 2375 2694 2425; x_wconf 78' lang='lat' dir='ltr'><strong>vocem</strong></span> <span class='ocrx_word' id='word_1_484' title='bbox 2719 2363 3010 2445; x_wconf 70' lang='lat' dir='ltr'><strong>Filioque,</strong></span> <span class='ocrx_word' id='word_1_485' title='bbox 3043 2366 3306 2446; x_wconf 79' lang='lat' dir='ltr'><strong>permitti</strong></span> <span class='ocrx_word' id='word_1_486' title='bbox 3334 2378 3548 2447; x_wconf 87' lang='lat' dir='ltr'><strong>posset,</strong></span> <span class='ocrx_word' id='word_1_487' title='bbox 3579 2376 3647 2435; x_wconf 84' lang='lat' dir='ltr'><strong>ut</strong></span> <span class='ocrx_word' id='word_1_488' title='bbox 3677 2342 4031 2445; x_wconf 69' lang='lat' dir='ltr'><strong>Orienuloe,</strong></span> 
     </span>
     <span class='ocr_line' id='line_1_71' title="bbox 2490 2457 4034 2556; baseline 0.005 -39"><span class='ocrx_word' id='word_1_489' title='bbox 2490 2466 2550 2517; x_wconf 89' lang='lat' dir='ltr'><strong>et</strong></span> <span class='ocrx_word' id='word_1_490' title='bbox 2574 2457 2783 2531; x_wconf 85' lang='lat' dir='ltr'><strong>Graeci</strong></span> <span class='ocrx_word' id='word_1_491' title='bbox 2821 2460 2885 2522; x_wconf 90' lang='lat' dir='ltr'><strong>in</strong></span> <span class='ocrx_word' id='word_1_492' title='bbox 2909 2459 3213 2523; x_wconf 83' lang='lat' dir='ltr'><strong>Sacrificio</strong></span> <span class='ocrx_word' id='word_1_493' title='bbox 3246 2463 3464 2524; x_wconf 85' lang='lat' dir='ltr'><strong>Missae</strong></span> <span class='ocrx_word' id='word_1_494' title='bbox 3498 2462 3852 2556; x_wconf 77' lang='lat' dir='ltr'><strong>Symbolum</strong></span> <span class='ocrx_word' id='word_1_495' title='bbox 3883 2465 4034 2525; x_wconf 89' lang='lat' dir='ltr'><strong>reci-</strong></span> 
     </span>
     <span class='ocr_line' id='line_1_72' title="bbox 2494 2550 4034 2637; baseline 0.005 -24"><span class='ocrx_word' id='word_1_496' title='bbox 2494 2554 2770 2615; x_wconf 87' lang='lat' dir='ltr'><strong>tarentad</strong></span> <span class='ocrx_word' id='word_1_497' title='bbox 2793 2574 2931 2615; x_wconf 90' lang='lat' dir='ltr'><strong>eum</strong></span> <span class='ocrx_word' id='word_1_498' title='bbox 2952 2550 3219 2629; x_wconf 79' lang='lat' dir='ltr'><strong>modum,</strong></span> <span class='ocrx_word' id='word_1_499' title='bbox 3249 2575 3373 2636; x_wconf 89' lang='lat' dir='ltr'><strong>quo</strong></span> <span class='ocrx_word' id='word_1_500' title='bbox 3386 2557 3575 2637; x_wconf 85' lang='lat' dir='ltr'><strong>prius,</strong></span> <span class='ocrx_word' id='word_1_501' title='bbox 3599 2566 3660 2618; x_wconf 90' lang='lat' dir='ltr'><strong>et</strong></span> <span class='ocrx_word' id='word_1_502' title='bbox 3683 2567 3824 2619; x_wconf 88' lang='lat' dir='ltr'><strong>ante</strong></span> <span class='ocrx_word' id='word_1_503' title='bbox 3840 2558 4034 2620; x_wconf 79' lang='lat' dir='ltr'><strong>Schis-</strong></span> 
     </span>
     <span class='ocr_line' id='line_1_73' title="bbox 2490 2650 4027 2740; baseline 0.005 -33"><span class='ocrx_word' id='word_1_504' title='bbox 2490 2665 2587 2707; x_wconf 87' lang='lat' dir='ltr'><strong>ma</strong></span> <span class='ocrx_word' id='word_1_505' title='bbox 2614 2658 3068 2724; x_wconf 80' lang='lat' dir='ltr'><strong>consueverant,</strong></span> <span class='ocrx_word' id='word_1_506' title='bbox 3105 2651 3267 2730; x_wconf 90' lang='lat' dir='ltr'><strong>quod</strong></span> <span class='ocrx_word' id='word_1_507' title='bbox 3301 2650 3551 2730; x_wconf 90' lang='lat' dir='ltr'><strong>perinde</strong></span> <span class='ocrx_word' id='word_1_508' title='bbox 3574 2660 3663 2740; x_wconf 80' lang='lat' dir='ltr'><strong>est</strong></span> <span class='ocrx_word' id='word_1_509' title='bbox 3711 2672 3782 2714; x_wconf 89' lang='lat' dir='ltr'><strong>ac</strong></span> <span class='ocrx_word' id='word_1_510' title='bbox 3808 2653 4027 2727; x_wconf 82' lang='lat' dir='ltr'><strong>dicere,</strong></span> 
     </span>
     <span class='ocr_line' id='line_1_74' title="bbox 2487 2742 4027 2828; baseline 0.006 -27"><span class='ocrx_word' id='word_1_511' title='bbox 2487 2742 2902 2821; x_wconf 83' lang='lat' dir='ltr'><strong>praetermissa</strong></span> <span class='ocrx_word' id='word_1_512' title='bbox 2932 2759 3097 2818; x_wconf 85' lang='lat' dir='ltr'><strong>voce,</strong></span> <span class='ocrx_word' id='word_1_513' title='bbox 3129 2743 3414 2824; x_wconf 69' lang='lat' dir='ltr'><strong>Filioque.</strong></span> <span class='ocrx_word' id='word_1_514' title='bbox 3454 2745 3630 2819; x_wconf 90' lang='lat' dir='ltr'><strong>Quod</strong></span> <span class='ocrx_word' id='word_1_515' title='bbox 3658 2756 3862 2825; x_wconf 88' lang='lat' dir='ltr'><strong>autem</strong></span> <span class='ocrx_word' id='word_1_516' title='bbox 3889 2765 4027 2828; x_wconf 87' lang='lat' dir='ltr'><strong>per-</strong></span> 
     </span>
     <span class='ocr_line' id='line_1_75' title="bbox 2486 2834 4027 2920; baseline 0.006 -25"><span class='ocrx_word' id='word_1_517' title='bbox 2486 2834 2638 2896; x_wconf 91' lang='lat' dir='ltr'><strong>tinet</strong></span> <span class='ocrx_word' id='word_1_518' title='bbox 2687 2835 2763 2897; x_wconf 86' lang='lat' dir='ltr'><strong>ad</strong></span> <span class='ocrx_word' id='word_1_519' title='bbox 2813 2845 3176 2918; x_wconf 88' lang='lat' dir='ltr'><strong>postremum</strong></span> <span class='ocrx_word' id='word_1_520' title='bbox 3217 2839 3332 2901; x_wconf 92' lang='lat' dir='ltr'><strong>hoc</strong></span> <span class='ocrx_word' id='word_1_521' title='bbox 3377 2847 3589 2920; x_wconf 82' lang='lat' dir='ltr'><strong>caput,</strong></span> <span class='ocrx_word' id='word_1_522' title='bbox 3649 2859 3769 2902; x_wconf 91' lang='grc' dir='ltr'>ιιοιι</span> <span class='ocrx_word' id='word_1_523' title='bbox 3818 2842 4027 2904; x_wconf 86' lang='lat' dir='ltr'><strong>eadem</strong></span> 
     </span>
     <span class='ocr_line' id='line_1_76' title="bbox 2484 2927 4029 3017; baseline 0.006 -29"><span class='ocrx_word' id='word_1_524' title='bbox 2484 2927 2860 3009; x_wconf 72' lang='lat' dir='ltr'><strong>semper&#39;suit</strong></span> <span class='ocrx_word' id='word_1_525' title='bbox 2878 2929 3047 2993; x_wconf 88' lang='lat' dir='ltr'><strong>Sedis</strong></span> <span class='ocrx_word' id='word_1_526' title='bbox 3073 2933 3447 3013; x_wconf 78' lang='lat' dir='ltr'><strong>Apostolicae</strong></span> <span class='ocrx_word' id='word_1_527' title='bbox 3464 2933 3607 2995; x_wconf 87' lang='lat' dir='ltr'><strong>disci</strong></span> <span class='ocrx_word' id='word_1_528' title='bbox 3616 2934 3779 3015; x_wconf 87' lang='lat' dir='ltr'><strong>plina</strong></span> <span class='ocrx_word' id='word_1_529' title='bbox 3796 2957 3815 3009; x_wconf 67' lang='grc' dir='ltr'><strong><em>ς</em></strong></span> <span class='ocrx_word' id='word_1_530' title='bbox 3840 2955 4029 3017; x_wconf 84' lang='lat' dir='ltr'><strong>quan-</strong></span> 
     </span>
     <span class='ocr_line' id='line_1_77' title="bbox 2484 3017 4051 3111; baseline 0.006 -28"><span class='ocrx_word' id='word_1_531' title='bbox 2484 3017 2871 3103; x_wconf 87' lang='lat' dir='ltr'><strong>doque-enim</strong></span> <span class='ocrx_word' id='word_1_532' title='bbox 2907 3024 3321 3089; x_wconf 78' lang='lat' dir='ltr'><strong>Orientalibus</strong></span> <span class='ocrx_word' id='word_1_533' title='bbox 3349 3036 3410 3089; x_wconf 92' lang='lat' dir='ltr'><strong>et</strong></span> <span class='ocrx_word' id='word_1_534' title='bbox 3441 3028 3722 3099; x_wconf 79' lang='lat' dir='ltr'><strong>Graecis,</strong></span> <span class='ocrx_word' id='word_1_535' title='bbox 3768 3030 4051 3111; x_wconf 53' lang='lat' dir='ltr'><strong>Symbo»</strong></span> 
     </span>
     <span class='ocr_line' id='line_1_78' title="bbox 2484 3115 4022 3228; baseline 0.006 -50"><span class='ocrx_word' id='word_1_536' title='bbox 2484 3115 2612 3178; x_wconf 90' lang='lat' dir='ltr'><strong>lum</strong></span> <span class='ocrx_word' id='word_1_537' title='bbox 2660 3118 2889 3228; x_wconf 85' lang='lat' dir='ltr'><strong>absque</strong></span> <span class='ocrx_word' id='word_1_538' title='bbox 2926 3139 3068 3183; x_wconf 82' lang='lat' dir='ltr'><strong>voce</strong></span> <span class='ocrx_word' id='word_1_539' title='bbox 3110 3121 3366 3202; x_wconf 62' lang='lat' dir='ltr'><strong>Filioqnqe</strong></span> <span class='ocrx_word' id='word_1_540' title='bbox 3410 3122 3688 3185; x_wconf 88' lang='lat' dir='ltr'><strong>recitare</strong></span> <span class='ocrx_word' id='word_1_541' title='bbox 3713 3124 4022 3205; x_wconf 87' lang='lat' dir='ltr'><strong>permisit,</strong></span> 
     </span>
     <span class='ocr_line' id='line_1_79' title="bbox 2483 3213 4024 3300; baseline 0.006 -26"><span class='ocrx_word' id='word_1_542' title='bbox 2483 3220 2626 3275; x_wconf 92' lang='lat' dir='ltr'><strong>tunc</strong></span> <span class='ocrx_word' id='word_1_543' title='bbox 2662 3213 2976 3288; x_wconf 88' lang='lat' dir='ltr'><strong>nimirum,</strong></span> <span class='ocrx_word' id='word_1_544' title='bbox 3028 3236 3166 3277; x_wconf 90' lang='lat' dir='ltr'><strong>cum</strong></span> <span class='ocrx_word' id='word_1_545' title='bbox 3197 3226 3360 3279; x_wconf 89' lang='lat' dir='ltr'><strong>certo</strong></span> <span class='ocrx_word' id='word_1_546' title='bbox 3392 3218 3775 3292; x_wconf 86' lang='lat' dir='ltr'><strong>constiterat,</strong></span> <span class='ocrx_word' id='word_1_547' title='bbox 3820 3219 4024 3300; x_wconf 80' lang='lat' dir='ltr'><strong>priora</strong></span> 
     </span>
     <span class='ocr_line' id='line_1_80' title="bbox 2480 3308 4020 3393; baseline 0.004 -23"><span class='ocrx_word' id='word_1_548' title='bbox 2480 3308 2601 3370; x_wconf 92' lang='lat' dir='ltr'><strong>duo</strong></span> <span class='ocrx_word' id='word_1_549' title='bbox 2627 3308 2821 3389; x_wconf 89' lang='lat' dir='ltr'><strong>capita</strong></span> <span class='ocrx_word' id='word_1_550' title='bbox 2851 3328 2957 3372; x_wconf 89' lang='lat' dir='ltr'><strong>seu</strong></span> <span class='ocrx_word' id='word_1_551' title='bbox 2977 3310 3291 3386; x_wconf 80' lang='lat' dir='ltr'><strong>‘articulos</strong></span> <span class='ocrx_word' id='word_1_552' title='bbox 3294 3313 3373 3373; x_wconf 86' lang='lat' dir='ltr'><strong>ab</strong></span> <span class='ocrx_word' id='word_1_553' title='bbox 3406 3311 3530 3373; x_wconf 85' lang='lat' dir='ltr'><strong>illis</strong></span> <span class='ocrx_word' id='word_1_554' title='bbox 3578 3313 3786 3393; x_wconf 87' lang='lat' dir='ltr'><strong>recipi,</strong></span> <span class='ocrx_word' id='word_1_555' title='bbox 3828 3333 4020 3376; x_wconf 82' lang='lat' dir='ltr'><strong>nove-</strong></span> 
     </span>
     <span class='ocr_line' id='line_1_81' title="bbox 2480 3403 4025 3488; baseline 0.005 -26"><span class='ocrx_word' id='word_1_556' title='bbox 2480 3409 2692 3482; x_wconf 80' lang='lat' dir='ltr'><strong>ratque</strong></span> <span class='ocrx_word' id='word_1_557' title='bbox 2719 3403 2967 3475; x_wconf 88' lang='lat' dir='ltr'><strong>omnino</strong></span> <span class='ocrx_word' id='word_1_558' title='bbox 3009 3403 3165 3479; x_wconf 82' lang='lat' dir='ltr'><strong>fore&#39;,</strong></span> <span class='ocrx_word' id='word_1_559' title='bbox 3194 3415 3283 3479; x_wconf 90' lang='lat' dir='ltr'><strong>ut,</strong></span> <span class='ocrx_word' id='word_1_560' title='bbox 3312 3405 3361 3466; x_wconf 88' lang='lat' dir='ltr'><strong>si</strong></span> <span class='ocrx_word' id='word_1_561' title='bbox 3395 3403 3605 3466; x_wconf 86' lang='lat' dir='ltr'><strong>iisdem</strong></span> <span class='ocrx_word' id='word_1_562' title='bbox 3629 3407 4025 3488; x_wconf 77' lang='lat' dir='ltr'><strong>denegaretur</strong></span> 
     </span>
     <span class='ocr_line' id='line_1_82' title="bbox 2479 3494 4020 3582; baseline 0.009 -27"><span class='ocrx_word' id='word_1_563' title='bbox 2479 3494 2731 3576; x_wconf 85' lang='lat' dir='ltr'><strong>idquod</strong></span> <span class='ocrx_word' id='word_1_564' title='bbox 2765 3502 2938 3559; x_wconf 80' lang='lat' dir='ltr'><strong>tanto</strong></span> <span class='ocrx_word' id='word_1_565' title='bbox 2976 3499 3175 3560; x_wconf 80' lang='lat' dir='ltr'><strong>studio</strong></span> <span class='ocrx_word' id='word_1_566' title='bbox 3220 3499 3650 3580; x_wconf 89' lang='lat' dir='ltr'><strong>deposcebant,</strong></span> <span class='ocrx_word' id='word_1_567' title='bbox 3700 3510 4020 3582; x_wconf 70' lang='lat' dir='ltr'><strong>exoptatae.</strong></span> 
     </span>
     <span class='ocr_line' id='line_1_83' title="bbox 2482 3590 4020 3676; baseline 0.005 -25"><span class='ocrx_word' id='word_1_568' title='bbox 2482 3590 2701 3653; x_wconf 88' lang='lat' dir='ltr'><strong>Unioni</strong></span> <span class='ocrx_word' id='word_1_569' title='bbox 2744 3592 2946 3655; x_wconf 84' lang='lat' dir='ltr'><strong>aditus</strong></span> <span class='ocrx_word' id='word_1_570' title='bbox 2979 3592 3523 3655; x_wconf 83' lang='lat' dir='ltr'><strong>intercluderetur:</strong></span> <span class='ocrx_word' id='word_1_571' title='bbox 3572 3596 4020 3676; x_wconf 78' lang='lat' dir='ltr'><strong>Nonnunquam</strong></span> 
     </span>
     <span class='ocr_line' id='line_1_84' title="bbox 2483 3686 4023 3769; baseline 0.004 -23"><span class='ocrx_word' id='word_1_572' title='bbox 2483 3705 2622 3747; x_wconf 79' lang='lat' dir='ltr'><strong>vero</strong></span> <span class='ocrx_word' id='word_1_573' title='bbox 2648 3686 3005 3769; x_wconf 78' lang='lat' dir='ltr'><strong>Symbolum</strong></span> <span class='ocrx_word' id='word_1_574' title='bbox 3033 3706 3183 3748; x_wconf 84' lang='lat' dir='ltr'><strong>cum</strong></span> <span class='ocrx_word' id='word_1_575' title='bbox 3232 3688 3539 3755; x_wconf 88' lang='lat' dir='ltr'><strong>additione</strong></span> <span class='ocrx_word' id='word_1_576' title='bbox 3578 3689 3832 3768; x_wconf 72' lang='lat' dir='ltr'><strong>Filioque</strong></span> <span class='ocrx_word' id='word_1_577' title='bbox 3855 3737 3875 3760; x_wconf 87' lang='lat'><strong>,</strong></span> <span class='ocrx_word' id='word_1_578' title='bbox 3940 3690 4023 3752; x_wconf 85' lang='lat' dir='ltr'><strong>ob</strong></span> 
     </span>
     <span class='ocr_line' id='line_1_85' title="bbox 2480 3775 4020 3860; baseline 0.003 -20"><span class='ocrx_word' id='word_1_579' title='bbox 2480 3779 2911 3856; x_wconf 86' lang='lat' dir='ltr'><strong>Orientalibus,</strong></span> <span class='ocrx_word' id='word_1_580' title='bbox 2941 3782 3005 3842; x_wconf 71' lang='lat' dir='ltr'><strong>et&#39;</strong></span> <span class='ocrx_word' id='word_1_581' title='bbox 3022 3781 3264 3844; x_wconf 88' lang='lat' dir='ltr'><strong>Graecis</strong></span> <span class='ocrx_word' id='word_1_582' title='bbox 3282 3775 3513 3844; x_wconf 79' lang='lat' dir='ltr'><strong>recitati</strong></span> <span class='ocrx_word' id='word_1_583' title='bbox 3537 3783 3786 3860; x_wconf 81' lang='lat' dir='ltr'><strong>omnino</strong></span> <span class='ocrx_word' id='word_1_584' title='bbox 3806 3783 4020 3858; x_wconf 84' lang='lat' dir='ltr'><strong>voluit;</strong></span> 
     </span>
     <span class='ocr_line' id='line_1_86' title="bbox 2478 3874 4022 3965; baseline 0.002 -28"><span class='ocrx_word' id='word_1_585' title='bbox 2478 3895 2615 3937; x_wconf 90' lang='lat' dir='ltr'><strong>cum</strong></span> <span class='ocrx_word' id='word_1_586' title='bbox 2645 3874 2867 3938; x_wconf 88' lang='lat' dir='ltr'><strong>scilicet</strong></span> <span class='ocrx_word' id='word_1_587' title='bbox 2899 3877 3113 3938; x_wconf 78' lang='lat' dir='ltr'><strong>mer&#39;ito</strong></span> <span class='ocrx_word' id='word_1_588' title='bbox 3159 3877 3448 3958; x_wconf 83' lang='lat' dir='ltr'><strong>suspicari</strong></span> <span class='ocrx_word' id='word_1_589' title='bbox 3494 3877 3726 3965; x_wconf 81' lang='lat' dir='ltr'><strong>potuit,</strong></span> <span class='ocrx_word' id='word_1_590' title='bbox 3780 3878 4022 3940; x_wconf 86' lang='lat' dir='ltr'><strong>eosdem</strong></span> 
     </span>
     <span class='ocr_line' id='line_1_87' title="bbox 2482 3968 4018 4053; baseline 0.003 -24"><span class='ocrx_word' id='word_1_591' title='bbox 2482 3969 2612 4031; x_wconf 91' lang='lat' dir='ltr'><strong>ideo</strong></span> <span class='ocrx_word' id='word_1_592' title='bbox 2642 3968 2804 4032; x_wconf 89' lang='lat' dir='ltr'><strong>nolle</strong></span> <span class='ocrx_word' id='word_1_593' title='bbox 2850 3970 3206 4053; x_wconf 71' lang='lat' dir='ltr'><strong>Symbolum</strong></span> <span class='ocrx_word' id='word_1_594' title='bbox 3238 3991 3377 4033; x_wconf 86' lang='lat' dir='ltr'><strong>cum</strong></span> <span class='ocrx_word' id='word_1_595' title='bbox 3410 3972 3819 4035; x_wconf 84' lang='lat' dir='ltr'><strong>additamento</strong></span> <span class='ocrx_word' id='word_1_596' title='bbox 3865 3971 4018 4034; x_wconf 84' lang='lat' dir='ltr'><strong>reci-</strong></span> 
     </span>
     <span class='ocr_line' id='line_1_88' title="bbox 2478 4065 4021 4147; baseline 0.004 -22"><span class='ocrx_word' id='word_1_597' title='bbox 2478 4073 2626 4138; x_wconf 85' lang='lat' dir='ltr'><strong>tare,</strong></span> <span class='ocrx_word' id='word_1_598' title='bbox 2656 4065 2817 4144; x_wconf 85' lang='lat' dir='ltr'><strong>quod</strong></span> <span class='ocrx_word' id='word_1_599' title='bbox 2837 4066 3237 4128; x_wconf 85' lang='lat' dir='ltr'><strong>adhaererent</strong></span> <span class='ocrx_word' id='word_1_600' title='bbox 3262 4067 3456 4128; x_wconf 88' lang='lat' dir='ltr'><strong>errori</strong></span> <span class='ocrx_word' id='word_1_601' title='bbox 3484 4067 3899 4147; x_wconf 75' lang='lat' dir='ltr'><strong>opinantium,</strong></span> <span class='ocrx_word' id='word_1_602' title='bbox 3937 4086 4021 4131; x_wconf 64' lang='lat' dir='ltr'><strong>ac</strong></span> 
     </span>
     <span class='ocr_line' id='line_1_89' title="bbox 2477 4159 4022 4242; baseline 0.002 -23"><span class='ocrx_word' id='word_1_603' title='bbox 2477 4159 2890 4235; x_wconf 82' lang='lat' dir='ltr'><strong>asserentium,</strong></span> <span class='ocrx_word' id='word_1_604' title='bbox 2923 4159 3214 4242; x_wconf 82' lang='lat' dir='ltr'><strong>Spiritum</strong></span> <span class='ocrx_word' id='word_1_605' title='bbox 3244 4160 3529 4229; x_wconf 89' lang='lat' dir='ltr'><strong>Sanctum</strong></span> <span class='ocrx_word' id='word_1_606' title='bbox 3550 4162 3813 4236; x_wconf 84' lang='lat' dir='ltr'><strong>aPatre,</strong></span> <span class='ocrx_word' id='word_1_607' title='bbox 3837 4169 3898 4224; x_wconf 84' lang='lat' dir='ltr'><strong>et</strong></span> <span class='ocrx_word' id='word_1_608' title='bbox 3917 4160 4022 4223; x_wconf 81' lang='lat' dir='ltr'><strong>Fi·</strong></span> 
     </span>
     <span class='ocr_line' id='line_1_90' title="bbox 2478 4253 4016 4338; baseline 0.002 -24"><span class='ocrx_word' id='word_1_609' title='bbox 2478 4253 2561 4315; x_wconf 87' lang='lat' dir='ltr'><strong>lio</strong></span> <span class='ocrx_word' id='word_1_610' title='bbox 2585 4255 3081 4338; x_wconf 72' lang='lat' dir='ltr'><strong>nonprocedere,</strong></span> <span class='ocrx_word' id='word_1_611' title='bbox 3118 4254 3212 4316; x_wconf 83' lang='lat' dir='ltr'><strong>vel</strong></span> <span class='ocrx_word' id='word_1_612' title='bbox 3239 4257 3319 4317; x_wconf 89' lang='lat' dir='ltr'><strong>ab</strong></span> <span class='ocrx_word' id='word_1_613' title='bbox 3346 4254 3609 4334; x_wconf 85' lang='lat' dir='ltr'><strong>Ecclesia</strong></span> <span class='ocrx_word' id='word_1_614' title='bbox 3644 4255 4016 4318; x_wconf 87' lang='lat' dir='ltr'><strong>additionem</strong></span> 
     </span>
     <span class='ocr_line' id='line_1_91' title="bbox 2478 4348 4009 4432; baseline 0.002 -24"><span class='ocrx_word' id='word_1_615' title='bbox 2478 4348 2678 4423; x_wconf 88' lang='lat' dir='ltr'><strong>illam,</strong></span> <span class='ocrx_word' id='word_1_616' title='bbox 2735 4349 3021 4429; x_wconf 77' lang='lat' dir='ltr'><strong>Filioque,</strong></span> <span class='ocrx_word' id='word_1_617' title='bbox 3070 4350 3359 4432; x_wconf 72' lang='lat' dir='ltr'><strong>Symbolo</strong></span> <span class='ocrx_word' id='word_1_618' title='bbox 3386 4349 3521 4412; x_wconf 85' lang='lat' dir='ltr'><strong>fieri</strong></span> <span class='ocrx_word' id='word_1_619' title='bbox 3552 4370 3673 4412; x_wconf 90' lang='lat' dir='ltr'><strong>non</strong></span> <span class='ocrx_word' id='word_1_620' title='bbox 3707 4349 3968 4431; x_wconf 83' lang='lat' dir='ltr'><strong>potuisse</strong></span> <span class='ocrx_word' id='word_1_621' title='bbox 3989 4391 4009 4411; x_wconf 90' lang='lat'>.</span> 
     </span>
     <span class='ocr_line' id='line_1_92' title="bbox 2476 4443 4013 4529; baseline 0.001 -24"><span class='ocrx_word' id='word_1_622' title='bbox 2476 4445 2612 4506; x_wconf 93' lang='lat' dir='ltr'><strong>Duo</strong></span> <span class='ocrx_word' id='word_1_623' title='bbox 2638 4443 2868 4529; x_wconf 83' lang='lat' dir='ltr'><strong>Summi</strong></span> <span class='ocrx_word' id='word_1_624' title='bbox 2907 4443 3252 4518; x_wconf 78' lang='lat' dir='ltr'><strong>Pontifices,</strong></span> <span class='ocrx_word' id='word_1_625' title='bbox 3283 4444 3500 4525; x_wconf 85' lang='lat' dir='ltr'><strong>nempe</strong></span> <span class='ocrx_word' id='word_1_626' title='bbox 3540 4447 3757 4507; x_wconf 87' lang='lat' dir='ltr'><strong>Beatus</strong></span> <span class='ocrx_word' id='word_1_627' title='bbox 3786 4446 4013 4526; x_wconf 72' lang='lat' dir='ltr'><strong>Grego-</strong></span> 
     </span>
     <span class='ocr_line' id='line_1_93' title="bbox 2479 4531 4019 4623; baseline 0 -23"><span class='ocrx_word' id='word_1_628' title='bbox 2479 4538 2605 4615; x_wconf 86' lang='lat' dir='ltr'><strong>rius</strong></span> <span class='ocrx_word' id='word_1_629' title='bbox 2631 4539 2713 4600; x_wconf 86' lang='lat' dir='ltr'><strong>X.</strong></span> <span class='ocrx_word' id='word_1_630' title='bbox 2744 4539 2808 4599; x_wconf 89' lang='lat' dir='ltr'><strong>in</strong></span> <span class='ocrx_word' id='word_1_631' title='bbox 2840 4538 3234 4623; x_wconf 36' lang='lat' dir='ltr'><strong>,Lugdunensi</strong></span> <span class='ocrx_word' id='word_1_632' title='bbox 3264 4531 3565 4612; x_wconf 72' lang='lat' dir='ltr'><strong>Concilio,</strong></span> <span class='ocrx_word' id='word_1_633' title='bbox 3595 4549 3666 4601; x_wconf 86' lang='lat' dir='ltr'><strong>&#39;et</strong></span> <span class='ocrx_word' id='word_1_634' title='bbox 3713 4538 4019 4620; x_wconf 79' lang='lat' dir='ltr'><strong>Eugenius</strong></span> 
     </span>
     <span class='ocr_line' id='line_1_94' title="bbox 2475 4633 4011 4715; baseline 0.001 -22"><span class='ocrx_word' id='word_1_635' title='bbox 2475 4634 2582 4694; x_wconf 86' lang='lat' dir='ltr'><strong>IV.</strong></span> <span class='ocrx_word' id='word_1_636' title='bbox 2614 4633 2678 4694; x_wconf 88' lang='lat' dir='ltr'><strong>in</strong></span> <span class='ocrx_word' id='word_1_637' title='bbox 2702 4633 3089 4708; x_wconf 81' lang='lat' dir='ltr'><strong>Florentino,</strong></span> <span class='ocrx_word' id='word_1_638' title='bbox 3137 4633 3396 4715; x_wconf 80' lang='lat' dir='ltr'><strong>primam</strong></span> <span class='ocrx_word' id='word_1_639' title='bbox 3429 4634 3644 4715; x_wconf 78' lang='lat' dir='ltr'><strong>agendi</strong></span> <span class='ocrx_word' id='word_1_640' title='bbox 3673 4634 3969 4695; x_wconf 89' lang='lat' dir='ltr'><strong>rationem</strong></span> <span class='ocrx_word' id='word_1_641' title='bbox 3992 4678 4011 4707; x_wconf 92' lang='lat'><strong>,</strong></span> 
     </span>
     <span class='ocr_line' id='line_1_95' title="bbox 2474 4723 4014 4802; baseline -0.001 -14"><span class='ocrx_word' id='word_1_642' title='bbox 2474 4728 2553 4788; x_wconf 91' lang='lat' dir='ltr'><strong>ob</strong></span> <span class='ocrx_word' id='word_1_643' title='bbox 2577 4727 3117 4799; x_wconf 81' lang='lat' dir='ltr'><strong>indicatascausas,</strong></span> <span class='ocrx_word' id='word_1_644' title='bbox 3150 4723 3287 4790; x_wconf 86' lang='lat' dir='ltr'><strong>cum</strong></span> <span class='ocrx_word' id='word_1_645' title='bbox 3316 4728 3558 4790; x_wconf 88' lang='lat' dir='ltr'><strong>Graecis</strong></span> <span class='ocrx_word' id='word_1_646' title='bbox 3582 4727 4014 4802; x_wconf 76' lang='lat' dir='ltr'><strong>adhibuerunt,</strong></span> 
     </span>
     <span class='ocr_line' id='line_1_96' title="bbox 2474 4818 4016 4894; baseline 0.001 -14"><span class='ocrx_word' id='word_1_647' title='bbox 2474 4819 2566 4880; x_wconf 64' lang='lat' dir='ltr'><strong>uti⁴</strong></span> <span class='ocrx_word' id='word_1_648' title='bbox 2606 4828 2867 4894; x_wconf 85' lang='lat' dir='ltr'><strong>constat,</strong></span> <span class='ocrx_word' id='word_1_649' title='bbox 2912 4840 2987 4882; x_wconf 79' lang='lat' dir='ltr'><strong>ex</strong></span> <span class='ocrx_word' id='word_1_650' title='bbox 3023 4832 3153 4882; x_wconf 83' lang='lat' dir='ltr'><strong>tom.</strong></span> <span class='ocrx_word' id='word_1_651' title='bbox 3201 4827 3263 4882; x_wconf 82' lang='lat'><strong>7.</strong></span> <span class='ocrx_word' id='word_1_652' title='bbox 3314 4818 3703 4883; x_wconf 67' lang='lat' dir='ltr'><strong>collectionis</strong></span> <span class='ocrx_word' id='word_1_653' title='bbox 3717 4820 4016 4883; x_wconf 84' lang='lat' dir='ltr'><strong>Concilio-</strong></span> 
     </span>
     <span class='ocr_line' id='line_1_97' title="bbox 2473 4912 4019 4996; baseline 0.001 -22"><span class='ocrx_word' id='word_1_654' title='bbox 2473 4933 2610 4974; x_wconf 92' lang='lat' dir='ltr'><strong>rum</strong></span> <span class='ocrx_word' id='word_1_655' title='bbox 2649 4912 2970 4983; x_wconf 83' lang='lat' dir='ltr'><strong>Har‘duini</strong></span> <span class='ocrx_word' id='word_1_656' title='bbox 3008 4936 3140 4996; x_wconf 76' lang='lat' dir='ltr'><strong>paq.</strong></span> <span class='ocrx_word' id='word_1_657' title='bbox 3190 4921 3329 4977; x_wconf 80' lang='grc'><strong>698.</strong></span> <span class='ocrx_word' id='word_1_658' title='bbox 3356 4916 3432 4975; x_wconf 88' lang='lat' dir='ltr'><strong>D.</strong></span> <span class='ocrx_word' id='word_1_659' title='bbox 3453 4927 3553 4990; x_wconf 60' lang='lat' dir='ltr'><strong>,et</strong></span> <span class='ocrx_word' id='word_1_660' title='bbox 3596 4927 3740 4978; x_wconf 80' lang='lat' dir='ltr'><strong>tom..</strong></span> <span class='ocrx_word' id='word_1_661' title='bbox 3755 4921 3820 4981; x_wconf 94' lang='grc'><strong>9.</strong></span> <span class='ocrx_word' id='word_1_662' title='bbox 3865 4916 4019 4996; x_wconf 84' lang='lat' dir='ltr'><strong>ejus-</strong></span> 
     </span>
     <span class='ocr_line' id='line_1_98' title="bbox 2470 5002 4015 5089; baseline 0.003 -22"><span class='ocrx_word' id='word_1_663' title='bbox 2470 5007 2604 5069; x_wconf 87' lang='lat' dir='ltr'><strong>dem</strong></span> <span class='ocrx_word' id='word_1_664' title='bbox 2644 5002 3020 5069; x_wconf 79' lang='lat' dir='ltr'><strong>collectionis</strong></span> <span class='ocrx_word' id='word_1_665' title='bbox 3043 5029 3177 5089; x_wconf 78' lang='lat' dir='ltr'><strong>paq.</strong></span> <span class='ocrx_word' id='word_1_666' title='bbox 3241 5015 3378 5071; x_wconf 79' lang='lat'><strong>395.</strong></span> <span class='ocrx_word' id='word_1_667' title='bbox 3431 5010 3514 5070; x_wconf 88' lang='lat' dir='ltr'><strong>D.</strong></span> <span class='ocrx_word' id='word_1_668' title='bbox 3547 5008 3813 5071; x_wconf 85' lang='lat' dir='ltr'><strong>Alteram</strong></span> <span class='ocrx_word' id='word_1_669' title='bbox 3873 5027 4015 5071; x_wconf 81' lang='lat' dir='ltr'><strong>vero</strong></span> 
     </span>
     <span class='ocr_line' id='line_1_99' title="bbox 2470 5100 4019 5184; baseline 0.001 -22"><span class='ocrx_word' id='word_1_670' title='bbox 2470 5102 2785 5173; x_wconf 86' lang='lat' dir='ltr'><strong>rationem,</strong></span> <span class='ocrx_word' id='word_1_671' title='bbox 2834 5122 2911 5164; x_wconf 84' lang='lat' dir='ltr'><strong>ex</strong></span> <span class='ocrx_word' id='word_1_672' title='bbox 2939 5103 3135 5167; x_wconf 87' lang='lat' dir='ltr'><strong>causis</strong></span> <span class='ocrx_word' id='word_1_673' title='bbox 3168 5100 3379 5167; x_wconf 85' lang='lat' dir='ltr'><strong>itidem</strong></span> <span class='ocrx_word' id='word_1_674' title='bbox 3419 5124 3611 5184; x_wconf 87' lang='lat' dir='ltr'><strong>supra</strong></span> <span class='ocrx_word' id='word_1_675' title='bbox 3629 5103 3861 5177; x_wconf 86' lang='lat' dir='ltr'><strong>allatis,</strong></span> <span class='ocrx_word' id='word_1_676' title='bbox 3891 5122 4019 5165; x_wconf 84' lang='lat' dir='ltr'><strong>am-</strong></span> 
     </span>
     <span class='ocr_line' id='line_1_100' title="bbox 2469 5181 4017 5278; baseline 0.003 -21"><span class='ocrx_word' id='word_1_677' title='bbox 2469 5186 2679 5276; x_wconf 65' lang='lat' dir='ltr'><strong>plenis</strong></span> <span class='ocrx_word' id='word_1_678' title='bbox 2704 5190 2847 5270; x_wconf 76' lang='lat' dir='ltr'><strong>e&#39;st,</strong></span> <span class='ocrx_word' id='word_1_679' title='bbox 2876 5197 3257 5278; x_wconf 67' lang='lat' dir='ltr'><strong>servavitque</strong></span> <span class='ocrx_word' id='word_1_680' title='bbox 3282 5181 3567 5264; x_wconf 73' lang='lat' dir='ltr'><strong>Summus</strong></span> <span class='ocrx_word' id='word_1_681' title='bbox 3604 5195 4017 5277; x_wconf 62' lang='lat' dir='ltr'><strong>Pontifexffi-</strong></span> 
     </span>
     <span class='ocr_line' id='line_1_101' title="bbox 2467 5289 4015 5378; baseline -0.001 -27"><span class='ocrx_word' id='word_1_682' title='bbox 2466 5290 2853 5362; x_wconf 82' lang='lat' dir='ltr'><strong>colaus111.,</strong></span> <span class='ocrx_word' id='word_1_683' title='bbox 2893 5303 3030 5351; x_wconf 85' lang='lat' dir='ltr'><strong>cum</strong></span> <span class='ocrx_word' id='word_1_684' title='bbox 3058 5289 3471 5371; x_wconf 88' lang='lat' dir='ltr'><strong>deprehendit,</strong></span> <span class='ocrx_word' id='word_1_685' title='bbox 3497 5290 3848 5378; x_wconf 66' lang='lat' dir='ltr'><strong>michaelem</strong></span> <span class='ocrx_word' id='word_1_686' title='bbox 3889 5290 4015 5351; x_wconf 88' lang='lat' dir='ltr'><strong>Im-</strong></span> 
     </span>
     <span class='ocr_line' id='line_1_102' title="bbox 2469 5379 4018 5469; baseline 0 -24"><span class='ocrx_word' id='word_1_687' title='bbox 2469 5379 2806 5466; x_wconf 87' lang='lat' dir='ltr'><strong>peratorem</strong></span> <span class='ocrx_word' id='word_1_688' title='bbox 2845 5402 2920 5444; x_wconf 76' lang='lat' dir='ltr'><strong>ex</strong></span> <span class='ocrx_word' id='word_1_689' title='bbox 2959 5384 3120 5463; x_wconf 65' lang='lat' dir='ltr'><strong>¹bona</strong></span> <span class='ocrx_word' id='word_1_690' title='bbox 3168 5383 3289 5469; x_wconf 81' lang='lat' dir='ltr'><strong>fide</strong></span> <span class='ocrx_word' id='word_1_691' title='bbox 3334 5403 3470 5445; x_wconf 92' lang='grc' dir='ltr'>ιιοιι</span> <span class='ocrx_word' id='word_1_692' title='bbox 3478 5404 3655 5468; x_wconf 78' lang='lat' dir='ltr'><strong>agere</strong></span> <span class='ocrx_word' id='word_1_693' title='bbox 3669 5427 3686 5456; x_wconf 93' lang='lat'><strong>,</strong></span> <span class='ocrx_word' id='word_1_694' title='bbox 3724 5403 3920 5465; x_wconf 85' lang='lat' dir='ltr'><strong>neque</strong></span> <span class='ocrx_word' id='word_1_695' title='bbox 3938 5381 4018 5445; x_wconf 79' lang='lat' dir='ltr'><strong>iis</strong></span> 
     </span>
     <span class='ocr_line' id='line_1_103' title="bbox 2471 5472 4013 5558; baseline 0.001 -19"><span class='ocrx_word' id='word_1_696' title='bbox 2471 5472 2648 5550; x_wconf 85' lang='lat' dir='ltr'><strong>stare,</strong></span> <span class='ocrx_word' id='word_1_697' title='bbox 2680 5496 2836 5557; x_wconf 89' lang='lat' dir='ltr'><strong>quae</strong></span> <span class='ocrx_word' id='word_1_698' title='bbox 2857 5476 3158 5558; x_wconf 75' lang='lat' dir='ltr'><strong>pollicitus</strong></span> <span class='ocrx_word' id='word_1_699' title='bbox 3180 5477 3382 5540; x_wconf 74' lang='lat' dir='ltr'><strong>suerat</strong></span> <span class='ocrx_word' id='word_1_700' title='bbox 3414 5478 3476 5541; x_wconf 89' lang='lat' dir='ltr'><strong>in</strong></span> <span class='ocrx_word' id='word_1_701' title='bbox 3503 5478 3813 5555; x_wconf 78' lang='lat' dir='ltr'><strong>tractanda</strong></span> <span class='ocrx_word' id='word_1_702' title='bbox 3837 5476 4013 5540; x_wconf 77' lang='lat' dir='ltr'><strong>unie-</strong></span> 
     </span>
    </p>
   </div>
  </div>
 </body>
</html>
