4487 6316
982 542 1090 593 292

1761 542 1845 593 ns
1885 541 2368 595 sAcnosAucTo
2408 502 2622 594 mssa:
2660 532 3038 593 slxcntrrclo

816 682 1119 765 Gonzaqa·,
1150 695 1215 745 ut
1245 705 1417 766 supm
1446 733 1464 756 ,
1495 685 1768 746 celebrare
1805 664 1967 746 liceat
1994 731 2011 757 ,
2042 686 2362 765 Apostolica
2471 686 2660 757 Rosae
2694 684 3004 757 Limanae‚
3039 683 3131 745 Pii
3167 683 3363 766 Papae
3393 682 3498 755 V„
3523 682 3848 761 ⁴loannisa
3875 681 4022 744 Cru-

807 777 1162 840 Auctoritate
1187 789 1370 840 tenore
1405 782 1783 859 praesentium
1814 790 2078 860 perpetuo
2108 781 2359 838 concedi-

808 896 935 934 onus
955 885 1004 934 e!
1036 874 1391 952 indulqemus
1418 894 1447 936 z.
1462 880 1519 934 et
1549 872 1695 953 quia
1725 892 1860 935 cum
1898 873 1961 933 in
1999 871 2173 932 Brevi
2208 873 2356 932 Bea-

811 967 1155 1029 tificationis
1176 968 1237 1028 S.
1274 967 1573 1031 Francisci
1606 966 1859 1049 Borgiae
1895 986 2165 1033 concessa
2208 965 2356 1026 fuis-

806 1071 892 1123 set
917 1061 1134 1123 Missae
1152 1058 1477 1123 celebratio
1497 1061 1781 1122 omnibus
1806 1060 2224 1123 Sacerdotibus
2256 1059 2357 1120 So-

806 1155 1036 1217 cietatis
1056 1156 1196 1216 lesu
1223 1201 1238 1229 ‚
1269 1156 1375 1235 qui
1408 1156 1637 1235 ubique
1662 1161 1887 1229 essent,
1924 1155 2013 1216 uti
2043 1154 2265 1235 legitur
2292 1156 2355 1214 in

810 1248 860 1310 C
860 1253 1052 1310 onstit.
1071 1254 1167 1310 49.
1198 1235 1425 1328 Urbani
1456 1251 1509 1309 V
1517 1248 1626 1311 Ill.
1656 1250 1921 1311 Bullarii
1944 1261 2074 1309 tom.
2099 1255 2156 1310 5.
2189 1267 2359 1328 prae·

807 1343 1034 1405 dictum
1082 1345 1272 1405 Breve
1308 1344 1431 1405 fuit
1472 1343 1691 1406 deinde
1737 1353 2051 1405 extensum
2083 1342 2161 1404 ad
2206 1342 2358 1403 alios

805 1438 1150 1500 Sacerdotes
1173 1439 1539 1502 confluentes
1568 1439 1643 1518 ad
1671 1437 1946 1500 ecclesias
1972 1439 2220 1507 Patrum
2247 1436 2355 1496 So·

803 1532 1035 1594 cietatis
1059 1533 1203 1593 Jesu
1229 1579 1245 1605 ‚
1286 1540 1347 1594 et
1372 1532 1760 1594 vcelebrantes
1810 1531 2055 1592 Missam
2093 1530 2155 1590 in
2210 1528 2357 1609 ipsis

804 1626 903 1688 die
936 1625 1083 1688 festo
1134 1629 1195 1689 S.
1242 1625 1542 1689 Francisci
1589 1625 1840 1707 Borgiae
1869 1645 1884 1684 z
1935 1624 2017 1684 De
2056 1624 2352 1694 eorundem

800 1724 1073 1791 Fratrum
1115 1724 1348 1801 consilio
1388 1723 1778 1783 concessionem
1805 1729 1863 1780 et·
1890 1716 2182 1778 Inelultum
2210 1763 2226 1786 ,
2260 1717 2354 1778 de-

800 1839 1073 1900 superque
1101 1818 1372 1895 consectas
1402 1819 1620 1877 litteras
1649 1813 1970 1893 hujusmodi
1983 1812 2058 1872 acl
2084 1829 2356 1890 quoscun-

800 1930 905 1991 que
937 1910 1261 1973 Sacerdotes
1281 1911 1593 1973 saeculares
1608 1962 1625 1985 ‚
1653 1928 1749 1968 scu
1775 1906 2018 1984 cujusvis
2058 1902 2306 1964 Ordinis
2332 1949 2349 1973 ‚

802 2002 1265 2084 Conqaeoeqationis
1286 2051 1301 2072 ‚
1328 2023 1424 2063 seu
1458 2001 1722 2062 Instituti
1749 2000 2054 2078 Requ'lares
2080 1998 2157 2058 ad
2181 1996 2349 2056 eccle-

798 2102 943 2170 sias,
972 2118 1069 2159 seu
1114 2098 1316 2159 Demos
1349 2098 1654 2176 Ray-etam
1681 2095 1862 2155 dictae
1888 2092 2165 2153 societatis
2210 2088 2350 2149 Jesu

798 2195 1136 2254 aeoedentes.
1164 2235 1179 2252 .
1199 2235 1214 2250 .
1250 2191 1439 2252 eadem
1487 2190 1825 2251 auctoritate
1869 2195 2051 2268 tenore
2085 2202 2348 2263 praesen-

801 2290 950 2348 tium·
972 2288 1325 2348 extendimus
1356 2303 1424 2346 ac
1463 2283 1810 2345 concedimus
1827 2280 2047 2360 pariter
2070 2286 2121 2336 et
2160 2276 2353 2336 indul-

796 2401 1018 2462 9emus:
1051 2380 1323 2443 Secundo
1345 2425 1362 2453 ,
1395 2378 1542 2459 quia
1571 2376 1633 2438 id
1662 2374 1865 2455 ipsum
1888 2371 2113 2434 factum
2147 2377 2236 2431 est
2281 2368 2346 2430 in

793 2475 1173 2539 concessione
1205 2473 1398 2541 Officii
1434 2481 1494 2535 et
1530 2470 1746 2533 Missae
1763 2466 1851 2530 'de
1876 2465 2077 2527 'tribus
2115 2464 2347 2545 Marty-

796 2569 969 2631 rihus
998 2556 1187 2630 Paulo
1215 2566 1421 2639 Micki,
1456 2566 1689 2627 Ioanne
1718 2561 1793 2623 de
1817 2560 1994 2631 tinto,
2024 2567 2083 2619 et
2118 2556 2345 2618 Didaco

795 2664 1030 2739 Quizai.
1057 2665 1247 2724 Breve
1263 2661 1489 2741 quippe
1510 2653 1977 2720 Beatificationis
1999 2651 2346 2714 facultatem

794 2758 1158 2840 praedictam
1181 2755 1543 2817 concedebat
1566 2748 1881 2832 Religiosis
1908 2745 2218 2809 Societatis
2238 2746 2344 2815 Je-

793 2871 866 2913 su
891 2897 909 2925 ‚
945 2850 1108 2931 quod
1136 2848 1354 2911 deinde
1387 2846 1505 2908 fuit
1538 2853 1853 2908 extensum
1882 2841 1958 2903 ad
1994 2859 2203 2902 omnes
2234 2839 2344 2901 Sa-

795 2945 1065 3008 cerdotes
1107 2950 1240 3004 tum
1302 2939 1630 3022 Regulam
1669 2946 1797 2999 tum
1824 2932 2170 2997 Saeculares
2200 2953 2346 2994 con-

790 3037 1044 3099 fluentes
1062 3036 1139 3099 ad
1159 3033 1434 3097 ecclesias
1463 3031 1729 3115 ejusdem
1752 3028 2091 3102 Societatis3
2120 3026 2209 3088 uti
2238 3026 2345 3088 de-

787 3131 1053 3196 sumitur
1081 3148 1157 3193 ea·
1212 3127 1455 3192 Constit.
1487 3131 1586 3189 83.
1643 3120 1873 3187 Urbani
1923 3122 2121 3202 Papae
2165 3120 2340 3182 vm.

790 3226 1058 3289 Bulla'rii
1088 3236 1219 3286 tom.
1257 3231 1317 3287 5.
1354 3221 1532 3298 Quod
1562 3228 1764 3294 autem
1792 3217 2016 3308 attinet-
2031 3215 2109 3278 ad
2139 3211 2346 3277 sacrae

789 3318 1285 3402 congregationis
1321 3317 1558 3388 decreta
1583 3360 1601 3389 ,
1648 3330 1749 3390 *res
1780 3309 2001 3376 clarior
2046 3328 2174 3372 esse
2221 3326 2345 3370 non

789 3419 1023 3499 potest:
1054 3422 1185 3478 tum
1210 3411 1358 3495 quia
1383 3411 1491 3482 die,
1514 3414 1609 3471 19.
1640 3405 2006 3472 'Novembris
2039 3408 2214 3466 1622.
2246 3421 2344 3464 sa-

790 3530 896 3574 cra
917 3507 1319 3592 Congregatio
1339 3506 1424 3567 sic
1449 3503 1700 3568 censuit.
1727 3500 1944 3564 Missae
1973 3501 2137 3560 certis
2155 3499 2345 3575 Requ-

778 3605 1011 3665 rtaribus
1039 3620 1317 3681 concessae
1344 3619 1455 3659 non
1485 3607 1712 3678 possunt
1756 3597 1827 3657 ab
1867 3595 2004 3655 aliis
2032 3593 2147 3652 dici
2174 3594 2345 3652 etiam

791 3701 857 3759 in
902 3700 1151 3778 ipsorum
1178 3695 1401 3774 quidem
1430 3692 1803 3771 Reqularium
1830 3688 2066 3749 ecclesiis
2092 3734 2109 3757 ,
2137 3691 2207 3747 ut
2233 3682 2343 3746 ha-

792 3793 972 3855 betur
994 3788 1159 3871 apud
1186 3789 1431 3860 Bathos.
1481 3786 1546 3845 de
1572 3785 1711 3865 offic.
1760 3795 1835 3857 eth
1849 3792 2047 3862 potest.
2093 3780 2339 3841 Parach.

787 3895 947 3967 part.
993 3890 1060 3944 ·1.
1094 3902 1218 3961 cap.
1260 3884 1355 3941 tt.
1387 3900 1449 3939 n.
1484 3882 1581 3938 34.
1624 3886 1754 3940 tum
1784 3873 1930 3955 quia
1978 3874 2043 3934 in
2091 3871 2347 3933 decretis

788 3978 1177 4063 generalibus
1200 3993 1382 4055 supra
1417 3971 1625 4040 relatis
1667 3969 1812 4032 anni
1834 3974 2032 4030 1659.
2066 3966 2151 4028 sic
2197 3986 2343 4028 cau-

791 4083 923 4144 tum
968 4071 1125 4133 tuit:
1170 4067 1386 4130 Missae
1422 4066 1643 4146 pariter
1669 4111 1686 4135 ‚
1720 4082 1863 4141 quae
1889 4062 2102 4141 fuerint
2149 4061 2347 4120 indul-

793 4180 882 4231 tae
904 4159 1101 4229 'certis
1140 4162 1386 4244 personis
1414 4205 1430 4229 ,
1486 4178 1676 4237 netnpe
1723 4157 2070 4236 Presbyter-is
2092 4155 2348 4233 Requla-

788 4265 953 4324 ribus
986 4262 1080 4320 ecl
1126 4255 1532 4330 Saecularibus
1584 4251 1833 4329 alicujus
1893 4250 1999 4309 loci
2024 4296 2040 4319 ,
2092 4249 2177 4308 vel
2226 4268 2346 4307 mo-

788 4357 1029 4420 nasterii
1052 4401 1070 4425 ,
1102 4371 1198 4413 seu
1241 4347 1591 4428 Presbyteri«
1645 4345 1890 4422 alicujus
1925 4343 2178 4417 ecclesiae
2226 4361 2344 4402 ser-

791 4453 931 4512 vitio
972 4443 1268 4532 praecipue
1295 4440 1538 4504 addictis
1566 4485 1583 4510 ,
1618 4459 1655 4517 a
1685 4438 2092 4519 confluentibus
2136 4433 2345 4496 Sacer-

791 4546 1011 4605 dotibus
1063 4541 1275 4619 quavis·
1312 4538 1588 4616 :liquitate
1617 4581 1633 4602 ‚
1663 4535 1833 4604 etiam
1865 4528 2298 4592 ‘Caudinalatus
2326 4577 2342 4600 ‚

791 4619 1082 4714 insiqnitis
1128 4627 1356 4698 minime
1407 4629 1771 4690 celebrentur.
1828 4622 1990 4698 Quia
2018 4642 2161 4685 vero
2195 4642 2342 4684 con-

792 4741 1015 4816 gruum
1038 4747 1178 4795 ,non
1207 4724 1446 4788 videtur
1487 4730 1558 4783 ut
1589 4719 1936 4783 Sacerdotes
1968 4718 2159 4792 exteri
2199 4737 2344 4779 eon-

793 4826 1047 4889 ssuentes
1074 4822 1149 4884 ad
1196 4818 1501 4882 ecclesiam
1528 4863 1545 4891 ‚
1591 4816 1656 4877 in
1685 4833 1807 4896 qua
1836 4812 2019 4875 Missa
2059 4812 2121 4873 in
2149 4812 2343 4873 bono-

794 4940 923 4984 rem
954 4917 1119 4980 Beati
1147 4914 1517 4986 celebratur,
1532 4910 1724 4973 *aliam
1750 4907 2055 4970 celebrent
2074 4907 2341 4978 Missam,

794 5015 910 5079 hac
957 5013 1033 5082 de
1062 5005 1637 5074 rausa'consuetudo
1683 5001 1976 5075 inolevit,
2008 5009 2077 5063 ut
2108 5001 2171 5086 in
2214 5001 2344 5081 ipso

797 5103 1262 5173 Beatilicationis
1292 5100 1470 5165 Brevi
1500 5145 1517 5172 ‚
1543 5098 1760 5177 inquo
1784 5095 2106 5168 celebratio
2128 5095 2344 5184 Missae

795 5202 1142 5270 conceditur
1167 5244 1185 5272 ,
1218 5193 1543 5258 celebratio
1569 5187 1699 5273 ipsa
1729 5190 2089 5256 extendatur
2118 5189 2199 5270 ad
2234 5190 2341 5250 Sa-

796 5299 1064 5365 cerdotes
1094 5300 1329 5355 exteros
1354 5334 1372 5362 ‚
1407 5289 1513 5369 'qui
1544 5286 1622 5349 ad
1650 5283 2343 5360 ecclesiam.confluunt;

798 5385 1304 5474 quemadmodum
1325 5380 1526 5462 colligi
1556 5388 1748 5460 potest
1769 5398 1848 5442 ,ex
1882 5377 2175 5440 Brevibus
2196 5353 2346 5437 Bea-

802 5482 1195 5548 tificationum
1232 5476 1342 5538 SS.
1396 5472 1661 5556 Cajetani
1692 5519 1708 5546 ‚
1753 5472 2003 5534 loannis
2055 5472 2129 5532 de
2177 5473 2301 5531 Deo
2327 5516 2343 5541 ‚

2465 798 2533 839 ee
2560 825 2576 851 ‚
2607 778 2907 839 Francisei
2944 778 3148 840 Solani
3179 825 3195 851 ‚
3229 778 3526 852 Turn-ibit,
3563 776 3814 840 Joannis
3833 779 4021 840 Fran-

2466 870 2604 932 cisci
2636 870 2850 953 Regis.
2881 871 3183 934 Vincentii
3212 891 3248 933 a
3283 872 3472 955 Paulo
3498 918 3514 945 ‚
3547 872 3772 933 Fidelis
3801 891 3838 933 a
3881 871 4017 952 Sig-

2466 952 2738 1047 maringa
2763 1012 2778 1037 ,
2812 967 3434 1048 BeatorumquePetri
3463 967 3537 1033 de
3563 967 3821 1039 Artium,
3850 968 4014 1027 Mar·-

2466 1068 2670 1141 tyrum
2717 1060 3232 1121 Gorcomiensium
3260 1106 3275 1133 ‚
3307 1060 3688 1143 Hyacinthae
3720 1045 4018 1121 de-Mare-

2462 1154 2663 1216 scottis
2687 1200 2703 1227 ‚
2734 1164 2793 1215 et
2824 1153 2982 1215 Petri
3013 1155 3266 1216 Forerii.
3303 1156 3478 1230 Quod
3503 1155 3552 1215 si
3578 1153 3783 1234 aliqua
3815 1156 4012 1235 Regu-

2461 1247 2681 1337 larium
2730 1250 2976 1312 ecclesia
3030 1250 3246 1312 festum
3276 1250 3500 1330 duplex
3554 1249 3891 1312 celebretur
3945 1248 4008 1308 in

2460 1342 2751 1403 honorem
2786 1340 3041 1425 alicujus
3071 1343 3269 1405 Sancti
3298 1389 3314 1417 ,
3345 1352 3402 1405 et
3436 1342 3838 1423 Regularibus
3873 1341 4016 1423 ipsis

2461 1455 2734 1498 concessa
2762 1436 2838 1498 sit
2864 1456 2900 1498 a
2934 1437 3084 1498 Sede
3115 1436 3454 1517 Apostolica
3478 1437 3660 1498 Missa
3686 1435 4014 1516 pa'rtic‘ula-

2461 1529 2546 1590 ris
2584 1549 2706 1591 non
2758 1531 2979 1607 inserta
3009 1531 3074 1592 iu
3123 1531 3364 1593 Missale
3397 1528 3778 1603 Romanum-⁹
3829 1529 4009 1591 ceteri

2459 1623 2805 1711 Sacerdotes
2842 1626 3096 1688 Indulto.
3116 1645 3238 1687 non
3261 1626 3698 1707 ‘comprehensi
3725 1670 3742 1698 ,
3772 1624 4012 1687 eadem-

2459 1736 2578 1797 que
2605 1720 2702 1781 die
2722 1720 3065 1786 accedentes
3090 1721 3165 1783 ad
3192 1721 3383 1801 ipsam
3409 1720 3807 1803 ¹Regularium
3831 1719 4013 1781 eccle-

2458 1811 2631 1882 siam,
2665 1832 2798 1874 eam
2830 1814 3073 1877 Missam
3101 1815 3526 1896 particularem
3552 1809 3858 1876 celebrare
3889 1831 4009 1875 non

2457 1916 2744 1987 possunt,
2787 1910 2964 1990 juxta
3005 1914 3211 1972 sacrae
3254 1907 3746 1991 Congregationis
3777 1896 4013 1968 decreta

2455 2001 2615 2080 apud
2657 1997 2930 2064 clei-icat.
2968 2012 3110 2065 ante
3147 2022 3287 2065 suas
3325 2002 3652 2082 decisiones
3697 2002 3764 2063 de
3810 2000 4006 2078 sacrif.

2455 2091 2671 2156 Missae
2698 2114 2864 2155 num.
2893 2100 2994 2156 26.
3047 2103 3108 2157 et
3135 2095 3297 2177 apud
3331 2096 3566 2183 Bissum
3599 2096 3677 2157 ad
3701 2096 3877 2155 litter.
3911 2092 4006 2155 Π.

2454 2207 2612 2247 num.
2640 2192 2778 2248 216.
2809 2186 2875 2271 3.
2912 2193 2972 2250 4.
3003 2190 3281 2267 Attamen
3310 2189 3390 2251 ad
3414 2188 3761 2251 evitandam
3793 2202 4010 2268 supra-

2455 2280 2673 2343 dictam
2697 2281 3218 2363 incongruentiam
3231 2282 3474 2346 Missam
3501 2281 3750 2364 quidem
3765 2280 3848 2343 de
3863 2280 4013 2345 San-

2453 2383 2549 2437 cto
2592 2375 2898 2438 celebrare
2938 2384 3227 2456 possunt,
3264 2377 3366 2449 sed
3401 2377 3477 2439 de
3522 2374 3841 2441 Communi
3869 2419 3898 2449 ,γ
3936 2387 4010 2437 ac

2453 2462 2930 2553 desumptm'n‘ex
2960 2468 3186 2553 Missali
3213 2470 3485 2532 Romano
3500 2471 3676 2552 juxta
3699 2466 4013 2530 resolutio-

2453 2574 2796 2653 nessacrbe
2834 2562 3328 2646 congregationis
3353 2563 3586 2625 rituum
3618 2562 3719 2625 die
3754 2567 3852 2623 19.
3886 2561 4010 2624 Νο-

2451 2658 2719 2723 vembris
2752 2663 2926 2720 1622.
2953 2667 3031 2720 οῑ
3076 2658 3175 2719 die
3205 2663 3264 2719 9.
3304 2656 3474 2719 Junii
3515 2643 3690 2719 1668.
3740 2675 4006 2738 quarum

2451 2756 2637 2816 verba
2667 2765 2810 2827 sunt
2835 2751 3005 2816 haee:
3038 2752 3159 2829 Qui
3171 2754 3422 2814 celebrat
3453 2751 3700 2814 Missam
3719 2753 4009 2830 inaliqua

2450 2852 2677 2911 ecclesia
2725 2850 3101 2929 Reqularium
3129 2895 3142 2919 ,
3179 2858 3284 2910 aut
3312 2850 3483 2908 etiam
3529 2846 3862 2909 Munatium
3887 2889 3905 2919 ,
3945 2847 4013 2905 in

2451 2966 2566 3027 qua
2587 2947 2653 3027 fit
2671 2946 2738 3005 cle
2759 2945 2895 3024 festo
2915 2945 3134 3025 duplici
3162 2944 3396 3010 habente
3414 2940 3666 3003 Missam
3679 2942 4001 3025 propriam,

2451 3062 2596 3122 quae
2621 3061 2735 3101 non
2762 3042 2838 3100 sit
2871 3059 3123 3101 concessa
3160 3040 3446 3108 omnibus,
3497 3034 3744 3097 Missam
3787 3035 4013 3114 quidem

2450 3139 2604 3199 dicat
2624 3137 2691 3197 de
2721 3135 2856 3215 festo
2882 3184 2899 3207 ‚
2927 3135 3020 3196 sed
3063 3153 3191 3196 cum
3214 3130 3453 3205 Missali
3483 3130 3758 3192 Romano.
3786 3128 3857 3191 Id
3888 3127 4011 3192 late

2450 3231 2755 3314 explicant
2779 3230 3038 3293 Gavant.
3070 3240 3200 3290 tom.
3232 3234 3284 3288 1.
3307 3247 3440 3308 par.
3465 3231 3523 3286 3.
3554 3227 3645 3285 tit.
3666 3221 3760 3285 10.
3786 3244 3888 3284 nu.
3910 3227 4006 3285 10.

2453 3329 2656 3391 Bissus
2683 3329 2858 3405 litter,
2904 3324 2998 3387 Π.
3034 3344 3136 3384 nu.
3173 3327 3311 3383 216.
3355 3319 3422 3402 3.
3469 3325 3528 3382 4.
3558 3317 3811 3381 'TonelL
3849 3336 4000 3394 sacr.

2452 3422 2726 3483 enchirid.
2763 3421 2862 3506 lib.
2909 3424 2963 3480 1.
2995 3439 3120 3497 cap.
3167 3415 3234 3477 V.
3270 3413 3335 3496 §-
3369 3420 3429 3475 8.
3462 3411 3703 3494 Sporer.
3744 3411 4002 3489 Theolog-

2451 3518 2661 3604 mcral.
2690 3525 2821 3575 tom.
2851 3519 2909 3575 3.
2934 3533 3061 3593 par.
3093 3516 3152 3571 2.
3178 3529 3303 3589 cap.
3324 3514 3382 3569 6.
3409 3517 3537 3569 sect.
3571 3511 3630 3568 4.
3657 3503 3723 3588 3.
3748 3510 3814 3580 3.
3843 3524 4003 3565 num.

2453 3618 2590 3675 430.
2621 3612 2706 3672 La
2724 3608 2906 3671 Croix
2930 3618 3060 3666 tom.
3089 3610 3148 3665 2.
3161 3613 3329 3685 ’μανι
3348 3607 3407 3662 2.
3431 3621 3591 3661 num.
3620 3604 3759 3660 372.
3787 3609 3839 3660 et
3862 3603 4002 3670 376.

2453 3704 3020 3770 Acceditdecretum
3040 3697 3319 3781 generale
3337 3695 3603 3777 ejusdem
3626 3711 3831 3771 sacrae
3852 3691 4008 3753 Con·

2451 3798 2818 3884 gregation'is
2847 3796 2952 3862 die,
2976 3800 3074 3855 20.
3107 3790 3466 3858 Novembris
3490 3787 4006 3869 ·1717..approbs·

2455 3906 2581 3960 tum
2605 3915 2640 3957 a
2659 3888 2962 3955 Clemente
2980 3890 3190 3950 xt.,ut
3206 3888 3271 3947 in
3292 3905 3392 3946 suo
3413 3884 3684 3948 Bullario
3696 3903 3834 3963 paq.
3862 3886 4001 3943 576.

2455 3991 2646 4051 Licere
2690 3990 2754 4046 in
2782 3995 3068 4067 poster-mn
3115 3992 3235 4042 tum
3266 3976 3624 4057 confessario
3651 4023 3665 4045 ,
3700 3986 3822 4035 tum
3851 3974 4005 4055 Cap-

2453 4083 2694 4166 pellanis
2717 4090 2940 4141 tantum
2961 4081 3438 4155 quarumcumque
3460 4070 3812 4144 Monialium
3832 4069 4010 4129 servi·-

2455 4182 2534 4239 tio
2564 4177 2806 4239 addictis
2836 4221 2849 4243 ,
2881 4171 3095 4234 Missas
3121 4166 3463 4228 Sanctorum
3493 4211 3507 4233 ,
3540 4163 3606 4222 de
3626 4165 3830 4241 quibus
3851 4164 4011 4240 ipsae

2452 4274 2692 4334 recitant
2745 4266 3039 4348 Officium,
3088 4262 3365 4334 celebrare
3394 4307 3408 4328 ,
3434 4257 3543 4344 «κά
3587 4276 3718 4316 cum
3770 4253 4002 4316 uasat.

2454 4369 2706 4436 Romano
2733 4410 2747 4434 ,
2771 4372 2822 4422 et
2849 4362 2914 4421 de
2944 4357 3245 4418 Communi
3270 4402 3284 4424 ,
3317 4373 3432 4413 non
3447 4371 3578 4413 vero
3611 4349 3824 4411 Missas
3870 4367 4006 4427 pro-

2449 4463 2609 4541 prias
2632 4455 2927 4520 eorundem
2946 4451 3291 4513 Sanctorum
3313 4442 3833 4508 variis-Ordinibus
3851 4460 3890 4501 a
3907 4460 4005 4502 sa·

2452 4575 2549 4616 cra
2575 4535 3016 4631 Conqreyatione
3037 4562 3338 4610 concessas:
3360 4552 3412 4602 et
3431 4543 3518 4602 ita
3537 4538 3797 4606 decreuit,
3819 4547 3869 4596 et
3887 4555 4007 4604 ser-

2455 4648 2583 4709 tari
2610 4643 2922 4705 mandarit.
3097 4630 3109 4644 ⁸
3599 4645 3630 4668 ²

2765 4849 2766 4852 ‘
2823 4865 2830 4870 ·
2884 4835 3282 4921 Arm-:Nunc
3344 4852 3487 4913 xu.

2454 5098 2542 5160 Ad
2573 5097 2768 5176 Caput
2791 5096 2889 5154 24.
2907 5091 2988 5158 :in
3013 5107 3140 5178 quo
3167 5086 3369 5167 agitur
3391 5082 3471 5144 de
3496 5082 3718 5163 pietate
3752 5088 3807 5141 et
3840 5078 4002 5164 Reli-

2531 5192 2708 5272 gione
2734 5234 2751 5262 ,
2781 5202 2905 5267 qua
2932 5184 3114 5246 Missa
3152 5176 3512 5258 celebranda
3545 5185 3675 5237 est:
3707 5175 3872 5236 unde
3898 5193 4006 5253 op-

2523 5292 2789 5366 portune
2809 5279 3099 5350 statuitur
3127 5295 3250 5337 non
3277 5274 3486 5337 decere
3512 5265 3890 5332 Sacerdotem
3919 5285 4010 5327 ce-

2532 5379 2770 5440 lebrare
2796 5376 3045 5436 Sacrum
3073 5391 3210 5432 cum
3240 5365 3497 5436 ascititia
3519 5382 3711 5434 coma,
3730 5370 3798 5423 ut
3820 5361 4007 5422 habe-

2535 5472 2715 5533 turin
2740 5470 2849 5530 lib.
2879 5474 2971 5528 11.
3001 5462 3512 5548 ὃςηοάἰοῦἰοοςθε.
3534 5460 3678 5537 Cap.
3705 5463 3801 5516 90.
3836 5474 4004 5538 num.
