4487 6316
1638 509 1867 570 mmm
1904 510 2333 575 nomnium!

452 658 518 728 V,
552 660 753 716 Vestes-²
783 661 905 730 Quo
958 657 1220 715 idiomate
1246 623 1469 716 uia-am
1496 658 1918 713 celebraverint.
1945 664 2009 714 V.

454 750 655 818 lissa.
684 751 797 818 Qna
824 750 1027 817 Lingua
1053 749 1328 802 canonem
1354 757 1793 816 composuerunt.
1813 748 1880 801 V.
1908 749 2012 802 Co·

453 838 730 892 nan.1²ost
753 838 812 897 B.
839 837 1114 906 Virginem
1146 837 1199 888 in
1242 838 1461 891 canone
1488 837 1682 890 Missae
1711 852 2010 908 memoean-

3369 514 3475 568 ⁴⁰7

2110 663 2191 716 tio
2219 667 2311 716 liat
2332 663 2389 716 in
2418 677 2611 731 genere
2653 661 3100 727 Benefactomm,
3153 661 3466 733 append27.
3491 663 3540 737 5.
3573 663 3659 716 20.

2111 761 2164 803 ee
2180 768 2486 908 “lp’pticari
2514 773 2643 907 Npro
2670 838 2846 892 anima
2871 855 2963 892 soa
3006 839 3224 901 Missam
3253 838 3489 891 voluisse
3511 843 3663 908 'prpe-

454 931 578 985 tur„
603 943 725 977 cum
780 925 887 977 sint
912 925 1178 977 Ecclesiae
1204 926 1519 988 Columnae,
1547 926 1722 994 iisque
1741 927 2010 993 &Paulus
2110 928 2431 981 sumendum
2459 935 2541 979 est
2564 926 2814 979 Beneficii
2832 966 2851 992 ,
2904 936 2994 979 aut
3016 928 3392 996 cappellaniae
3420 928 3665 979 fundato-

455 1009 695 1077 additur,
722 1021 983 1081 etquare,
1011 1014 1048 1064 1.
1074 1012 1110 1063 2
1158 1030 1205 1064 c.
1237 1012 1321 1064 13.
1348 1029 1403 1065 ιι.
1425 1012 1515 1064 22.

563 1099 807 1170 Apostoli
839 1101 1038 1152 nullam
1068 1101 1292 1153 fortasse
1318 1100 1585 1178 liturgiam
1615 1100 2009 1166 condiderunt,

453 1187 549 1241 sed
578 1206 725 1240 suam
756 1188 1057 1240 doctrinam
1084 1188 1370 1257 Episcopis
1399 1187 1711 1253 tradebant,
1759 1206 1897 1260 quos
1924 1206 2010 1241 or·

455 1273 734 1343 din-bant,
765 1277 800 1329 1.
828 1277 882 1328 2.
911 1293 959 1330 c.
992 1278 1154 1329 ¹021».
1173 1277 1236 1328 ³.
1265 1277 1327 1329 ln
1357 1276 1537 1330 triduo
1560 1278 1835 1331 Passionis
1856 1278 2013 1331 chri-

454 1364 521 1416 sti
553 1364 881 1417 Sacrificium
911 1381 1023 1416 non
1055 1364 1292 1418 fecerunt
1310 1401 1326 1426 ,
1355 1364 1449 1417 sed
1477 1363 1521 1416 si
1554 1363 1822 1431 fecissent,
1851 1383 2011 1435 quae—

457 1450 566 1503 stio
592 1462 692 1515 est,
717 1451 871 1520 cuins
899 1451 1128 1506 rationis
1156 1452 1293 1505 illud
1315 1462 1475 1519 esset,
1514 1451 1745 1522 append.
1771 1453 1825 1505 2.
1854 1454 1919 1529 5.
1937 1455 2012 1508 Ue

453 1538 806 1593 omittamus.

561 1626 808 1696 Apostoli
838 1628 1073 1697 primum
1104 1627 1434 1681 Sacrificium
1456 1626 1793 1698 probabilius
1810 1628 2008 1681 »nPon

454 1720 657 1768 tocoste
684 1716 1051 1781 celebrarunt,
1102 1714 1336 1783 append.
1360 1716 1417 1770 2.
1455 1716 1502 1789 5.
1534 1719 1709 1769 Inter.
1761 1718 1824 1769 Et
1853 1733 2007 1784 pecn-

454 1801 613 1853 liares
652 1811 821 1856 ‚vestes
871 1803 924 1853 in
979 1820 1046 1855 eo
1085 1802 1478 1856 adhibuerunt.
1518 1803 1563 1876 5.
1607 1805 1737 1855 Hac
1763 1801 2007 1868 dispaca-

455 1887 634 1942 tt'one.
662 1890 795 1944 Item
823 1907 986 1959 snper
1008 1889 1180 1948 Altane
1204 1890 1554 1950 celebrarant.
1582 1890 1635 1964 5.
1666 1894 1783 1946 Nos
1807 1890 1968 1942 leanc.

560 1975 841 2045 Apostoli,
879 1987 927 2030 et
958 1977 1053 2047 qui
1086 1977 1152 2029 iis
1180 1979 1428 2046 proxime
1453 1987 1851 2042 successerunt,
1876 1978 2006 2031 Mis-

346 2086 361 2109 2.
453 2078 571 2114 sam
592 2063 840 2132 quotidie
867 2062 1222 2126 celebrabant,
1252 2066 1289 2116 1.
1316 2065 1363 2115 3.
1395 2081 1443 2117 c.
1468 2065 1522 2116 2.
1546 2083 1598 2116 n.
1621 2069 1673 2117 9.

558 2149 897 2225 Apostolicae
935 2153 1350 2220 constitutiones
1377 2155 1591 2210 saeculo
1631 2154 1721 2208 lv,
1750 2153 2003 2220 collectae

398 2281 401 2282 ν
449 2203 839 2308 creduntur-,L
851 2241 903 2296 2.
930 2258 976 2293 c.
1005 2240 1095 2291 23.
1123 2258 1176 2291 ιι.
1199 2242 1284 2293 17.

1047 2365 1401 2434 Applicaeio.

557 2503 827 2572 Applicari
856 2505 1021 2556 Missa
1048 2504 1295 2574 pluribus
1325 2505 1509 2563 modis
1535 2514 1746 2575 potest.
1775 2506 2004 2575 Triplex

448 2597 624 2643 autem
653 2599 735 2643 est
760 2590 1016 2642 sacrificii
1047 2591 1276 2655 fructus,
1305 2594 1737 2660 generalissimus
1756 2629 1772 2655 ,
1802 2594 2003 2660 specia-

449 2678 711 2741 lissimus,
739 2686 793 2731 et
820 2678 1027 2730 medius
1048 2679 1175 2749 ,qui
1208 2679 1276 2732 iis
1303 2681 1637 2748 applicatur,
1676 2699 1776 2751 pro
1803 2680 2000 2751 quibus

450 2767 778 2820 Sacrificium
823 2767 1069 2831 offertur,
1097 2768 1133 2818 1.
1162 2767 1213 2820 3.
1245 2785 1294 2821 c.
1323 2770 1375 2826 8,.
1404 2786 1461 2821 ιι.
1501 2771 1551 2822 1.

556 2854 841 2923 Applicare
863 2855 1080 2907 Missam
1109 2858 1359 2924 populo·
1346 2856 1536 2909 diebus
1580 2857 1912 2920 Dominicis,
1949 2865 2004 2937 et

450 2942 599 2994 t'estis
644 2942 710 2994 de
749 2951 1034 3014 praepepto
1077 2952 1324 2997 tenentur
1347 2946 1441 3014 qui
1484 2947 1778 2998 animarum
1818 2933 1999 3008 curam

449 3041 565 3082 actu
594 3040 865 3095 exercent,
908 3031 943 3081 1.
974 3032 1024 3082 3.
1053 3049 1101 3083 c.
1130 3033 1181 3083 8.
1209 3049 1264 3082 ιι.
1303 3032 1356 3083 2.
1386 3032 1615 3100 append.
1645 3033 1680 3084 7
1724 3033 1770 3107 5.
1797 3032 1851 3083 2.

553 3117 853 3186 Applicatio
884 3117 998 3170 fieri
1051 3118 1209 3172 etiam
1240 3117 1398 3172 debet
1433 3120 1580 3172 sestis
1620 3119 1841 3183 diebus,
1879 3119 2000 3188 qui·

448 3204 551 3269 bna
566 3206 780 3274 Populo
808 3206 1129 3275 permissum
1152 3216 1255 3271 est,
1274 3215 1329 3259 ut
1351 3208 1528 3260 audita
1550 3211 1714 3272 Missa
1741 3207 1997 3277 operibus

447 3293 736 3353 servilibus
762 3302 924 3364 vacet,
953 3293 1185 3363 append
1225 3294 1278 3345 7.
1304 3292 1351 3367 5.
1395 3295 1449 3346 7.
1580 3342 1595 3359 ,

553 3381 834 3451 Applicare
860 3382 1080 3434 Missam
1113 3382 1261 3434 sestis
1289 3381 1480 3443 diebus
1509 3391 1685 3451 polest
1708 3382 2001 3448 parochus,

444 3469 491 3522 si
525 3486 773 3538 pauper
753 3471 838 3525 it.
868 3470 938 3531 ei,
981 3488 1009 3520 a
1034 3488 1145 3538 quo
1171 3470 1404 3523 eleemos
1383 3488 1564 3545 ynam
1595 3472 1815 3539 accepit,
1846 3471 1996 3524 dum·

447 3557 614 3607 modo
655 3558 792 3609 infra
824 3557 1214 3608 hebdomadam
1244 3560 1450 3626 pupulo
1473 3560 1632 3616 aliam
1663 3562 1882 3611 Missam
1911 3576 1999 3627 ap·

446 3645 630 3713 plicet,
661 3647 697 3696 1.
727 3648 772 3694 3,
808 3664 853 3696 c.
883 3646 933 3695 8.
965 3650 1017 3695 ιι.
1043 3644 1098 3696 2.
1128 3658 1181 3697 et
1194 3640 1437 3714 append.
1464 3647 1517 3697 Ἰ.
1540 3644 1594 3720 5.
1618 3646 1668 3697 8.

556 3730 886 3802 Appliczwda
933 3742 1012 3785 est
1061 3732 1494 3787 benefactoribus
1523 3732 1809 3803 generatim
1838 3735 1997 3787 Missa

444 3821 827 3874 Conventualis
856 3822 912 3872 in
941 3816 1369 3885 cathedralibus,
1407 3830 1459 3875 et
1485 3822 1799 3889 collegiatis
1824 3824 1998 3890 quoti·

444 3908 535 3962 die
561 3891 817 3961 cantanda
844 3928 857 3967 z
896 3917 950 3960 et
986 3908 1029 3959 si
1059 3909 1313 3961 Ecclesiis
1347 3909 1549 3962 adnexa
1601 3912 1672 3962 sit
1697 3912 1996 3963 animarum

446 4015 599 4064 cura,
641 3998 743 4050 alia
784 4006 993 4066 praeter
1027 3998 1445 4052 conventualem
1485 3999 1645 4052 Missa
1675 3999 1997 4069 supradictis

447 4085 639 4139 diebus
665 4085 984 4139 celebranda
1021 4094 1138 4149 est,
1177 4088 1396 4156 ejusque
1426 4088 1630 4141 fructus
1661 4090 1869 4158 populo
1908 4107 1997 4158 ap·

439 4173 740 4241 plicandus,
792 4171 913 4226 eod.
938 4191 988 4227 c.
1016 4174 1067 4225 Β.
1093 4191 1147 4228 ιι.
1180 4174 1232 4226 3.
1261 4187 1314 4228 et
1338 4173 1461 4227 ead.
1487 4174 1721 4245 append.
1748 4177 1800 4228 Ἰ.
1830 4178 1877 4251 5.
1908 4180 1995 4230 11.

442 4272 498 4313 et
517 4279 665 4329 seqq.

551 4348 834 4419 Applicare
860 4349 1082 4403 Missam
1127 4350 1542 4403 conventualem
1589 4350 1835 4420 quotidie
1879 4368 1990 4402 non

442 4445 694 4491 tenentur
716 4438 917 4494 Ecclesi
906 4457 1007 4500 ⁸,ae
1032 4455 1168 4508 qnae
1196 4440 1307 4493 non
1328 4447 1454 4491 sunt
1471 4454 1626 4493 aerae,
1642 4438 1990 4507 collegiatae.

444 4524 806 4594 cathedrales,
833 4534 886 4595 et
910 4526 1234 4594 collegiatae
1264 4542 1520 4599 pauperes
1548 4525 1833 4593 impetrare
1872 4543 1996 4595 pos-

444 4620 569 4663 sunt
597 4612 914 4674 facultatem,
967 4628 1089 4677 non¹
1110 4612 1414 4680 applicandi
1442 4612 1590 4663 illam
1621 4610 1814 4663 diebus
1845 4612 1994 4665 seria·

442 4701 510 4749 tis
534 4736 549 4761 ,
591 4697 664 4751 ib.
695 4699 748 4751 si
778 4699 995 4750 Missam
1025 4698 1406 4751 conventualis
1455 4697 1529 4763 ab,
1548 4698 1812 4761 Ecclesiae
1834 4700 1994 4751 Bene·

444 4786 633 4836 liniatis
654 4823 668 4848 ,
724 4795 809 4836 aut
848 4786 1227 4837 Mansionariis
1255 4785 1572 4847 celebretur,
1601 4787 1990 4853 eleemosynam

441 4872 703 4941 accipient
732 4890 795 4925 ex
826 4889 992 4923 massa
1014 4872 1459 4925 distributionum
1479 4910 1494 4936 ,
1520 4870 1748 4941 append.
1780 4873 1832 4924 ’1.
1864 4872 1910 4945 5.
1941 4873 1993 4925 ’1.

551 4958 879 5031 Applicanda
905 4968 985 5012 est
1012 4977 1109 5033 pro
1130 4958 1568 5017 Benefactoribus
1596 4960 1649 5011 in
1671 4976 1861 5028 genere
1891 4959 1995 5028 pri·

442 5063 525 5097 ma
548 5065 610 5099 ex
633 5047 857 5112 «limbus,
881 5056 968 5098 aut
992 5048 1160 5099 tribus
1180 5049 1359 5101 Missis
1374 5047 1997 5117 Con„ventualibus,qnae

443 5136 499 5186 in
521 5135 707 5205 aliqua
733 5153 796 5188 ex
840 5135 1000 5205 dictis
1040 5135 1291 5188 Ecclesiis
1336 5136 1583 5206 quotidie
1621 5134 1995 5199 celebranturg

441 5238 593 5275 secus
622 5239 746 5273 vero
775 5222 1008 5292 reliquae
1035 5222 1140 5274 nisi
1195 5223 1528 5276 consuetudo
1566 5224 1709 5275 aliud
1746 5224 1995 5290 suadeat„

437 5320 493 5361 st
514 5308 816 5361 dnmmodo
833 5309 889 5360 in
910 5312 1429 5365 commemoratione
1440 5294 1826 5365 besunctorum
1856 5329 2000 5365 men·

2106 1032 2242 1078 rem,
2270 1017 2314 1070 si
2345 1033 2485 1068 onus
2511 1014 2814 1068 celebrandi
2842 1015 3133 1085 imposuit,
3172 1024 3224 1068 et
3260 1016 3326 1084 de
3354 1017 3548 1069 Missae
3574 1034 3664 1085 ap·

2089 1105 2401 1171 plicatione
2440 1121 2539 1172 pro
2577 1104 2752 1155 anima
2797 1121 2890 1156 sua
2926 1104 3118 1169 siluit,
3147 1106 3184 1156 1.
3213 1104 3262 1156 3.
3294 1122 3342 1155 c.
3369 1106 3421 1156 9.
3449 1122 3504 1156 ιι.
3534 1107 3584 1159 1.
3612 1117 3668 1159 ee

2107 1190 2163 1243 2.
2190 1191 2352 1246 Idem
2370 1191 2660 1245 dicendum
2678 1200 2778 1258 est,
2807 1193 2851 1244 si
2880 1192 3038 1259 iussit
3064 1193 3118 1244 in
3146 1193 3310 1248 Missa
3338 1203 3437 1261 pro
3466 1212 3521 1247 se
3547 1212 3667 1247 ora-

2108 1279 2175 1342 ri,
2214 1296 2269 1332 ιι.
2310 1280 2364 1331 3.
2393 1280 2602 1333 sivero
2650 1289 2854 1350 certpm
2886 1282 3168 1334 Missarum
3218 1298 3504 1334 nnmerum
3553 1282 3659 1336 azbi

2108 1367 2363 1434 applicari
2392 1367 2569 1435 jussit,
2600 1367 2667 1419 de
2685 1368 2909 1437 reliquis
2934 1386 3061 1421 vero
3091 1368 3263 1432 siluit,
3291 1371 3438 1421 nulla
3463 1379 3546 1423 est
3568 1371 3664 1424 ob·

2107 1452 2333 1522 bligatio
2354 1455 2448 1507 bas
2475 1457 2704 1526 reliquas
2732 1474 2834 1526 pro
2859 1473 2925 1509 eo
2955 1456 3260 1525 applicandi
3285 1494 3301 1521 ,
3330 1457 3404 1512 ib.
3469 1441 3475 1448 ⁸

2214 1543 2481 1613 Applicari
2521 1543 2627 1597 sibi
2656 1545 2874 1597 Missam
2915 1546 3196 1608 noluisse,
3233 1545 3327 1598 sed
3367 1548 3544 1604 solum
3572 1549 3654 1602 sui

2105 1632 2683 1698 communerationem
2723 1632 2787 1683 ad
2829 1634 3105 1698 Nemeaeo
3143 1634 3661 1704 fleripraesumitur

2103 1736 2224 1772 eum
2248 1757 2267 1784 ,
2291 1720 2386 1789 qui
2428 1721 2632 1789 aliquas
2656 1722 3029 1788 cappellanias
3070 1722 3304 1776 institnit
3325 1741 3463 1776 -cum
3495 1707 3660 1780 onere

2104 1807 2299 1860 Missae
2336 1806 2474 1869 sibi,
2500 1815 2591 1860 ant
2625 1807 2738 1859 suis
2763 1808 3044 1861 Defunctis
3082 1809 3466 1877 applicandae,
3496 1812 3658 1866 aliam

2102 1911 2231 1947 vero
2258 1894 2492 1947 instituit
2513 1912 2635 1947 cum
2665 1911 2860 1960 onere,
2885 1904 2944 1949 ut
2965 1897 3325 1966 cappellanus
3352 1915 3454 1967 pro
3481 1900 3659 1953 anima

2102 1997 2195 2038 soa
2226 1990 2362 2045 oret,
2389 1980 2461 2033 ih.

2211 2067 2517 2137 Applicatio
2543 2068 2739 2123 Missae
2777 2069 2910 2122 facta
2940 2069 3100 2123 alicui
3142 2089 3171 2123 a
3199 2059 3485 2128 Sacerdote
3522 2076 3657 2131 cele·

2102 2154 2290 2222 brante
2316 2157 2479 2219 valet,
2511 2156 2636 2209 licet
2653 2159 2767 2225 eius
2788 2157 3047 2227 Superior
3072 2159 3225 2214 alleri
3252 2161 3510 2230 applicari
3537 2181 3655 2218 eam

2000 2299 2007 2306 x
2103 2243 2335 2316 jusserit,
2365 2244 2402 2294 1.
2430 2243 2482 2295 3.
2510 2261 2560 2295 c.
2585 2246 2639 2296 9.
2666 2261 2721 2297 ιι.
2748 2244 2802 2296 ⁴.

2209 2330 2489 2399 Applicare
2520 2339 2726 2384 tenetur
2746 2331 2987 2395 Missam,
3006 2332 3097 2402 qui
3118 2335 3481 2405 eleemosynas
3511 2356 3654 2394 acce-

2099 2417 2214 2485 pit,
2238 2426 2293 2469 et
2320 2425 2398 2468 tot
2427 2419 2617 2469 Missas
2637 2418 2906 2487 applicare
2932 2416 3125 2481 debet,
3151 2431 3284 2491 quot
3312 2424 3452 2491 juxta
3482 2432 3654 2484 taxam

2099 2503 2480 2562 Dioecesanam
2515 2504 2702 2574 extillo
2731 2504 3190 2573 eleemosynarnm
3231 2499 3449 2561 cumulo
3492 2513 3659 2564 resul-

2103 2599 2241 2662 tant,
2259 2593 2295 2643 1.
2323 2591 2375 2643 3.
2415 2608 2462 2644 c.
2489 2594 2540 2644 9.
2571 2610 2626 2645 ιι.
2666 2594 2716 2646 ὅ.
2744 2592 3148 2668 Eleemosynam
3192 2595 3448 2660 integram
3473 2636 3489 2661 ,
3528 2599 3656 2669 licet

2101 2689 2213 2731 taxa
2235 2681 2523 2749 majorem,
2550 2698 2709 2750 quam
2731 2681 2961 2749 accepit,
2992 2681 3195 2735 tradere
3224 2685 3373 2737 alteri
3401 2687 3658 2746 Sacerdo-

2100 2769 2140 2820 ti
2170 2768 2359 2834 debet,
2398 2768 2494 2840 qui
2532 2769 2751 2822 Missam
2791 2767 3096 2824 celebrandi
3139 2786 3277 2824 onos
3315 2772 3365 2825 ei
3405 2776 3655 2828 commit-

2098 2857 2182 2923 tit,
2213 2855 2288 2910 ib.

2207 2946 2489 3015 Applicare
2521 2945 2613 2998 uni
2654 2946 2882 3002 fructum
2915 2946 3176 3004 Sacrificii
3201 2948 3613 3005 satisfactorium
3635 2988 3653 3015 ,

2099 3051 2158 3085 ac
2197 3033 2428 3102 proinde
2463 3051 2570 3102 pro
2603 3050 2718 3090 runa
2750 3033 2914 3085 Missa
2952 3032 3223 3102 duplicem
3261 3037 3654 3113 eleemosynam

2098 3121 2338 3191 accipere
2362 3137 2474 3175 non
2501 3122 2629 3177 licet
2650 3158 2667 3189 ,
2705 3121 2860 3175 sicuti
2891 3138 3064 3192 neque
3094 3123 3216 3177 licet
3254 3124 3493 3195 accipere
3521 3129 3655 3181 elee-

2098 3226 2376 3279 mosynam
2407 3226 2507 3278 pro
2535 3209 2858 3279 applicando
2899 3211 3071 3262 fructu
3102 3212 3492 3286 speciplissimo
3512 3254 3531 3281 ,
3565 3225 3654 3275 aut

2097 3315 2198 3368 pro
2226 3298 2544 3366 applicanda
2574 3299 2735 3349 Missa
2773 3297 2931 3351 alicui
2959 3298 3028 3350 iis
3055 3298 3247 3355 diebus
3268 3336 3284 3363 ,
3322 3301 3521 3370 quibus
3559 3304 3654 3356 ali-

2098 3385 2241 3443 nnde
2268 3393 2349 3437 est
2371 3386 2523 3439 alteri
2556 3384 2894 3454 applicanda,
2924 3386 2961 3437 1.
2988 3385 3040 3435 3.
3070 3402 3116 3459 c.
3143 3387 3197 3437 9.
3227 3403 3282 3438 ιι.
3311 3388 3363 3439 ὅ.
3392 3389 3542 3442 Licet
3566 3409 3653 3443 au·

2100 3481 2202 3533 tem
2232 3490 2333 3542 pro
2367 3473 2725 3541 applicatione
2751 3474 3141 3540 eleemosynam
3172 3474 3448 3543 accipere,
3488 3494 3653 3551 qnan-

2098 3559 2170 3610 do
2198 3559 2501 3612 celebraudi
2534 3559 2784 3613 duntaxat
2808 3576 2945 3610 onus
2973 3554 3214 3626 babetur,
3241 3577 3294 3610 ιι.
3323 3562 3376 3614 3.

2202 3648 2518 3717 Applicare,
2557 3658 2609 3699 et
2646 3648 2911 3719 celebrare
2947 3647 3164 3703 Missam
3208 3658 3413 3702 tenetur
3455 3659 3649 3704 statuto

2097 3743 2342 3804 tempore
2364 3773 2379 3798 ,
2410 3737 2504 3805 qui
2535 3753 2633 3804 pro
2661 3753 2720 3787 ea
2749 3744 2873 3786 tuuc
2900 3734 3214 3789 celebranda
3254 3738 3646 3807 eleemosynam

2098 3825 2339 3892 accepit3
2380 3841 2537 3897 secus
2557 3809 2619 3873 ad
2662 3810 3052 3875 restitutionem
3097 3832 3304 3876 tenetur
3325 3862 3340 3887 ,
3371 3827 3405 3876 1.
3435 3827 3487 3878 3.
3518 3844 3564 3878 c.
3593 3829 3646 3880 9.

2096 3929 2151 3963 ιι.
2181 3914 2232 3965 6.
2274 3915 2396 3968 Non
2440 3914 2563 3965 licet
2602 3922 2775 3965 tamen
2815 3911 3086 3965 Sacerdoti
3126 3913 3341 3965 Missam
3383 3915 3650 3971 celebrare

2097 4004 2240 4070 juxta
2267 4003 2380 4071 ejus
2411 4002 2765 4055 intentionem
2787 4039 2806 4066 ,
2847 4000 2939 4070 qui
2971 3999 3073 4052 sibi
3116 4001 3325 4068 primus
3361 4003 3649 4074 eleemosy-

2097 4107 2218 4142 nam
2251 4090 2555 4159 praebuerit
2580 4105 2753 4158 neque
2778 4090 2826 4140 ei
2856 4090 3153 4157 applicare,
3182 4107 3339 4158 quem
3363 4092 3502 4145 Deus
3524 4110 3649 4161 pro-

2094 4176 2163 4232 be
2188 4178 2344 4229 novit
2368 4176 2433 4227 ab
2463 4176 2562 4227 illo
2591 4175 2878 4244 petiturum
2909 4179 3104 4231 Missae
3132 4175 3567 4245 celebrationem,
3595 4191 3650 4234 et

2094 4264 2541 4334 applicationem,
2582 4281 2638 4314 ιι.
2669 4263 2721 4314 7.
2752 4274 2804 4314 ee
2829 4264 2880 4314 8.
3026 4265 3032 4271 “

2204 4353 2308 4422 Qui
2351 4352 2558 4407 ratione
2583 4351 2873 4416 Beneficii,
2914 4361 3003 4405 aut
3025 4324 3399 4422 cappellaniae
3441 4364 3648 4413 tenetur

2086 4440 2264 4503 duas,
2292 4441 2374 4492 vel
2405 4448 2507 4492 tres
2547 4441 2735 4507 Missas
2773 4440 2832 4490 in
2870 4440 3094 4507 singulis
3123 4442 3475 4495 hebdomadis
3513 4448 3648 4505 celo-

2095 4527 2287 4591 brare,
2328 4536 2505 4596 potest
2542 4529 2956 4585 celebrationem
2996 4529 3280 4582 Missarum
3324 4533 3480 4585 unius
3517 4533 3645 4587 beb-

2094 4614 2395 4668 domadae‘
2382 4632 2436 4665 in
2466 4615 2859 4668 antecedentem
2892 4615 3175 4669 bebdoma
3179 4618 3280 4668 lam
3312 4620 3644 4691 anticipare,

2096 4702 2200 4754 nisi
2230 4719 2294 4755 ex
2326 4701 2740 4754 circumstantiis
2780 4686 3063 4773 colligatur
3100 4704 3259 4757 aliam
3301 4706 3464 4759 fuisse
3490 4708 3646 4761 Insti-

2096 4790 2290 4841 tutoris
2320 4798 2569 4851 mentem,
2600 4787 2675 4841 ib.

2205 4874 2486 4944 Applicare
2525 4885 2698 4945 potest
2737 4876 2853 4928 aliis
2880 4876 3098 4928 Missam
3140 4878 3230 4930 die
3256 4897 3643 4943 commemora·

2098 4963 2264 5031 tionis
2292 4965 2537 5021 omnium
2563 4965 2945 5017 Defunctorum
2964 5002 2978 5029 ,
3006 4967 3098 5034 qui
3128 4984 3265 5018 onus
3291 4968 3448 5022 babet
3474 4956 3645 5040 appli-

2097 5051 2252 5103 candi
2281 5052 2496 5104 Missam
2526 5052 2894 5121 quotidianam
2918 5091 2933 5116 ,
2963 5055 2999 5105 1.
3029 5055 3080 5107 3.
3103 5071 3151 5108 c.
3180 5056 3231 5106 9.
3263 5074 3316 5106 n.
3356 5058 3409 5108 9.
3437 5059 3533 5111 Die
3562 5078 3645 5113 ve-

2100 5156 2161 5190 ro
2189 5138 2487 5199 Nativitatis
2513 5138 2710 5192 christi
2730 5176 2745 5202 ,
2772 5140 2863 5211 qui
2895 5158 3072 5191 curam
3103 5142 3397 5203 animarum
3427 5143 3641 5208 habent,

2101 5234 2205 5278 tres
2231 5228 2424 5278 Missas
2451 5225 2716 5293 celebrare
2745 5225 2940 5279 debent
2963 5265 2986 5291 ,t
3008 5228 3097 5279 sed
3127 5226 3423 5303 indecisum
3453 5241 3553 5298 est,
3578 5251 3642 5285 an

2101 5312 2218 5373 illas
2242 5314 2453 5383 Populo
2480 5313 2745 5382 applicare
2773 5298 3067 5382 teneantur,
3100 5315 3171 5367 ih.
