4487 6316
3322 526 3457 604 xxv‘

582 700 749 761 idem
768 694 975 779 procul
1006 694 1194 757 dubio
1215 713 1376 761 nunc
1402 696 1585 759 etiam
1610 693 1949 779 contigisset
1975 741 1991 773 ,
2022 694 2069 755 si
2090 693 2368 776 exemplo
2389 694 2456 779 S.
2484 693 2574 758 Pii
2600 695 2676 758 V.
2710 693 3180 758 praedecessoris
3210 696 3396 757 nostri
3429 696 3636 759 inhae-

425 802 623 855 rentes
646 839 663 867 ‚
695 792 1004 854 carissimo
1032 790 1097 850 in
1127 789 1364 852 Christo
1403 791 1559 852 Filio
1587 799 1791 853 nostro
1818 790 2035 852 Joanni
2069 789 2472 872 portugalliae
2495 837 2511 864 ‚
2553 798 2614 852 et
2639 789 3067 871 Algarbiorum
3097 790 3240 871 Regi
3271 791 3517 853 honoris
3543 792 3646 855 Ti-

428 887 622 949 tulum
650 934 665 960 ‚
698 906 879 968 quem
908 885 1091 947 vellet
1113 931 1129 957 ‚
1159 885 1419 967 eligendi
1451 894 1798 966 potestatem
1820 884 2177 947 fecissemus
2214 884 2593 965 Quapropter
2622 884 3081 965 praeteritarum
3109 905 3313 946 rerum
3334 888 3642 966 experien-

426 981 513 1043 tia
537 981 727 1044 edocti
754 1028 769 1054 ,
803 1002 880 1041 ne
899 980 1096 1042 ullum
1119 979 1613 1059 impedimentum
1636 978 2016 1061 objiceretur,
2047 978 2355 1041 voluntate
2375 988 2577 1042 nostra
2607 978 2736 1059 ipso
2768 981 2924 1061 Rege
2955 978 3308 1053 inconsulto,
3341 981 3640 1061 perhono-

428 1074 667 1137 rificum
701 1076 1042 1136 Fidelissima*
1060 1074 1329 1134 Titulum
1359 1075 1479 1135 Nos
1502 1073 1627 1154 ipsi·
1644 1072 2110 1155 excogitavimus
2135 1120 2151 1147 ‚
2181 1093 2364 1154 quem
2382 1073 2576 1134 eidem
2599 1072 2743 1155 Regi
2769 1119 2785 1147 ,
2819 1074 3067 1154 ejusque
3087 1074 3149 1133 in
3174 1076 3376 1155 Regno
3401 1077 3640 1138 Succes-

428 1170 667 1232 soribus
690 1217 706 1244 ,
737 1170 827 1251 uti
850 1171 977 1252 Jam
1010 1167 1285 1249 superius
1312 1168 1709 1230 indicavimus
1733 1214 1748 1240 ,
1781 1166 2014 1249 elargiti
2047 1187 2273 1228 sumus.
2308 1170 2496 1228 Porro
2518 1214 2534 1242 ‚
2567 1187 2749 1255 qnam
2786 1167 3091 1247 praeclara
3116 1156 3238 1229 sint
3257 1169 3437 1252 hujus
3468 1171 3644 1252 Regis

430 1262 496 1323 in
519 1264 917 1326 Christianam
939 1262 1393 1343 Rempublicam
1425 1264 1637 1324 merita
1664 1309 1680 1337 ,
1713 1263 1855 1323 satis
1874 1281 2171 1343 superque
2192 1270 2486 1335 testantur
2507 1262 2875 1343 Apostolicae
2895 1261 3153 1325 Litterae
3181 1261 3500 1330 Clementis
3527 1265 3638 1327 xi.

435 1357 868 1419 predecessoris
889 1357 1088 1427 Nostri
1115 1404 1131 1429 ,
1155 1378 1306 1437 quas
1325 1357 1446 1419 duo
1467 1357 1777 1419 volumina
1800 1356 1864 1416 in
1895 1354 2088 1417 lucem
2117 1358 2278 1419 edita
2296 1356 2790 1437 complectuntur.
2814 1428 2820 1438 4

553 1453 864 1533 Siquidem
888 1498 905 1526 ,
938 1461 1008 1514 ut
1032 1452 1297 1534 ejusdem
1330 1452 1636 1513 pontificis
1656 1450 1948 1512 voluntati
1974 1496 1991 1522 ,
2022 1459 2083 1512 et
2108 1451 2373 1513 consiliis
2400 1452 2870 1526 obsecundaret,
2911 1451 3204 1534 plurimas
3222 1451 3285 1513 in
3313 1453 3648 1518 subsidium

436 1564 617 1608 naves
645 1546 1048 1627 suppeditavit
1076 1566 1198 1626 quo
1231 1554 1495 1625 tempore
1513 1547 1843 1622 Turearum
1863 1545 2163 1606 Tirannus
2193 1546 2432 1608 Insulae
2453 1546 2801 1628 Corcyrensi
2825 1567 2963 1608 cum
2994 1546 3362 1609 validissimo
3384 1549 3649 1611 exercitu

438 1638 758 1702 imminens
784 1689 799 1713 ‚
832 1661 952 1702 non
984 1640 1178 1701 solum
1204 1641 1575 1702 Venetorum
1606 1639 1989 1720 Reipublicae
2014 1685 2030 1713 ,
2063 1640 2163 1700 sed
2194 1640 2511 1702 universae
2540 1661 2781 1720 quoque
2813 1641 3020 1702 Italiae
3046 1650 3106 1703 et
3126 1640 3270 1704 huic
3310 1642 3457 1704 Urbi
3497 1663 3654 1725 quae

436 1735 618 1796 totius
642 1735 1017 1798 Christianae
1038 1734 1367 1817 Religionis
1385 1742 1564 1816 caput
1582 1743 1672 1796 eat
1696 1780 1712 1807 ‚
1746 1733 2070 1815 perniciem
2095 1779 2112 1808 ,
2145 1743 2204 1796 et
2233 1734 2630 1797 calamitatem
2652 1733 3018 1797 minabatur.

557 1829 675 1889 Nos
706 1830 818 1909 ipsi
831 1832 970 1912 jure
994 1878 1010 1904 ‚
1040 1851 1109 1892 ac
1141 1830 1354 1890 merito
1383 1829 1584 1891 testari
1609 1849 1942 1910 possumus,
1972 1837 2030 1889 et
2049 1849 2258 1891 revera
2280 1837 2588 1902 testamur,
2613 1830 2888 1890 eumdem
2911 1832 3130 1910 Regem
3149 1819 3320 1892 suam
3340 1851 3654 1913 nunquam
3691 1880 3694 1885 -

434 1940 677 2000 operam
698 1942 735 1983 a
758 1924 931 1984 nobis
951 1924 1275 1984 desiderari
1300 1944 1539 2004 passum
1568 1944 1693 1985 esse
1719 1970 1734 1996 ,
1768 1923 1872 1987 ubi
1898 1943 1992 1984 res
2012 1922 2126 1983 fuit
2159 1923 2249 1986 vel
2275 1923 2349 1984 de
2367 1923 2692 2007 ¹retinenda
2716 1970 2732 1998 ,
2765 1924 3159 2005 augendaque
3181 1925 3490 2007 Religione
3511 1973 3528 2001 ,
3560 1927 3656 1991 vel

440 2018 514 2078 de
532 2017 714 2099 hujus
743 2018 992 2079 Sanctae
1015 2018 1183 2078 Sedis
1213 2018 1503 2099 dignitate
1526 2019 1769 2079 tuenda.
1820 2019 2070 2097 Insuper
2098 2016 2286 2078 Nobis
2311 2017 2732 2079 Pontificatum
2753 2018 3098 2099 gerentibus
3121 2064 3139 2093 ,
3169 2020 3495 2082 nonnullos
3513 2022 3659 2105 Epi-

439 2119 712 2191 scopatus
736 2111 1013 2197 fundavit
1042 2111 1104 2171 in
1126 2111 1538 2173 remotissimis
1571 2111 1833 2172 Dominii
1858 2111 1949 2171 sui
1979 2111 2254 2191 partibus
2276 2157 2292 2185 ,
2323 2112 2427 2172 ubi
2454 2112 2648 2173 solum
2679 2111 2957 2174 Infideloe
2985 2114 3382 2175 versabantur
3404 2160 3421 2189 ,
3455 2116 3662 2179 videli-

439 2213 552 2277 cet,
584 2214 653 2266 ut
671 2205 1011 2267 Christiana
1036 2206 1210 2267 Fides
1241 2205 1465 2267 ibidem
1496 2212 1949 2287 propagaretur.
1983 2204 2346 2267 Omittemus
2374 2205 2474 2267 hic
2495 2206 2678 2279 verba
2710 2203 2904 2268 facere
2924 2206 3007 2267 de
3032 2206 3313 2269 maximis
3336 2253 3352 2281 ,
3385 2229 3455 2270 ae
3484 2208 3664 2290 plane

445 2298 646 2380 Regiis
666 2300 1006 2379 sumptibus
1034 2346 1049 2372 ,
1084 2299 1190 2380 qui
1211 2296 1290 2361 ab
1322 2300 1450 2380 ipso
1480 2298 1636 2360 fiunt
1661 2345 1676 2372 ‚
1709 2308 1778 2360 ut
1796 2298 2089 2360 Ministris
2108 2301 2182 2362 ad
2214 2301 2523 2379 obeundas
2544 2312 2739 2361 sacras
2759 2300 3072 2361 Missiones
3101 2302 3429 2389 necessaria
3449 2322 3663 2384 suppe-

444 2392 733 2454 ditentur.
766 2394 954 2456 Taciti
985 2402 1182 2457 tamen
1224 2394 1551 2476 praeterire
1590 2415 1710 2455 non
1743 2394 2029 2455 debemus
2059 2394 2338 2456 victorias
2363 2439 2380 2466 ,
2413 2413 2564 2474 quas
2595 2402 2861 2454 recenter
2894 2393 2953 2453 in
2995 2390 3138 2461 Asia
3167 2395 3533 2475 comparavit
3559 2417 3576 2469 ς
3604 2404 3665 2458 et

444 2507 630 2550 novas
647 2534 663 2562 ‚
697 2508 849 2568 quas
869 2487 1145 2569 suscepit,
1171 2487 1605 2569 expeditiones3
1638 2496 1699 2549 et
1724 2487 2069 2570 hujusmodi
2094 2487 2358 2568 profecto
2379 2487 2538 2549 bella
2569 2487 2825 2548 libenter
2851 2487 3132 2549 cumillis
3151 2474 3664 2569 corniparabimins,

443 2583 969 2693 quae‘Gennadius
992 2582 1286 2645 Patricius
1309 2630 1325 2658 ,
1360 2591 1420 2644 et
1448 2582 1760 2644 Exarchus
1782 2581 2019 2644 Africae
2048 2581 2299 2644 feliciter
2332 2582 2509 2662 gessit
2534 2604 2549 2653 ;
2582 2590 2640 2642 et
2669 2583 2873 2643 eadem
2907 2602 3153 2663 prorsus
3190 2583 3624 2673 affirmabimus
3647 2632 3663 2659 ,

420 2695 604 2756 0quae
626 2678 700 2738 de
728 2676 927 2739 illis-S.
963 2677 1290 2759 Gregorius
1318 2677 1738 2761 Praedecessor
1764 2684 1965 2738 noster
1994 2675 2072 2737 ad
2110 2676 2306 2757 ipsum
2334 2676 2713 2737 Gennadium
2744 2676 2979 2756 scripsit
2998 2677 3094 2738 bis
3117 2676 3348 2738 verbis:
3386 2677 3497 2738 Ubi
3521 2681 3686 2741 euim>

446 2769 774 2856 heritarum
801 2782 1110 2833 vestrorum
1143 2774 1357 2852 loquax
1382 2792 1495 2832 nou
1518 2760 2001 2850 discurritopim'o
2024 2777 2053 2829 5³
2082 2768 2243 2845 Quae
2272 2781 2324 2831 ct
2350 2771 2495 2830 bella
2527 2770 2629 2829 Vos
2655 2771 2971 2848 [requenter
2997 2754 3248 2851 app'ctcrc
3274 2818 3292 2843 ,ι
3322 2768 3435 2830 'nou
3459 2771 3671 2832 dosith-

451 2868 540 2926 rt'o
569 2867 844 2945 suadendi
868 2870 1163 2945 sanquim's
1188 2915 1203 2938 ,
1246 2868 1339 2927 sed
1377 2868 1706 2927 dilatandae
1735 2886 1907 2926 causa
1935 2865 2294 2949 Reipublicae
2323 2912 2336 2935 ,
2366 2868 2432 2923 iu
2456 2884 2572 2943 qua
2602 2864 2781 2924 Deum
2806 2866 2916 2923 coli
2939 2852 3303 2944 cmispiciruus
3331 2872 3344 2933 ,¹
3377 2866 3629 2953 loquitur
3647 2888 3670 2935 ,·

449 2971 724 3039 quatenus
770 2959 991 3022 Christi
1012 2981 1207 3022 nomen
1230 2982 1331 3040 per
1351 2962 1600 3021 subditas
1623 2969 1803 3037 qentcs
1833 2959 1996 3020 Fidei
2014 2960 2433 3039 praedicatione
2472 2961 2902 3035 circumquaque
2942 2957 3246 3017 discurrat.
3271 2956 3573 3043 ‘Ejusdem
3606 2957 3667 3020 S.

457 3052 762 3151 pontificis
795 3054 996 3114 verbis
1022 3072 1454 3134 prosequemur
1481 3074 1495 3113 ε
1530 3050 1799 3114 Plurima
1816 3036 2228 3133 pro'pasceudis
2255 3054 2444 3112 ovibus
2474 3052 2549 3111 B.
2583 3051 2746 3111 Petri
2773 3051 3164 3143 Apostolorum
3195 3050 3479 3130 Principis
3507 3054 3674 3113 utiti-

453 3149 662 3209 tatibus
683 3161 756 3208 cae
786 3150 1073 3210 cellantiam
1101 3160 1340 3209 vestram
1362 3149 1701 3228 praestitisse
1724 3146 2043 3210 didicimus.
2060 3146 2410 3208 Orationem
2435 3147 2671 3212 tandem
2694 3154 2958 3207 nostram
2979 3126 3678 3226 anemus,quemad-'

455 3237 699 3304 modum
797 3243 857 3304 S.
882 3242 1207 3326 Gregorius
1235 3242 1546 3338 epistqlam
1567 3215 2041 3320 absbtvit-suam:
2075 3241 2451 3302 Person-entes
2465 3251 2733 3322 pateruae
2758 3242 3060 3324 charitatis
3072 3227 3409 3318 alloquium,
3427 3241 3679 3319 'petimus

420 3335 758 3395 -Dominum
784 3384 798 3406 ‚
830 3335 1289 3415 Salvator-amque
1313 3345 1568 3395 uestrum
1593 3383 1609 3407 ,
1640 3336 2158 3414 qui-Eminentiam
2183 3347 2426 3400 vestram
2443 3356 2548 3416 pro
2573 3326 2782 3406 solatia.
2801 3333 3047 3422 Sanctae
3069 3332 3431 3416 Reipublicae
3455 3336 3676 3402 naisso-i-

454 3430 695 3494 corditer
714 3440 972 3510 proleque
995 3477 1011 3500 ,
1043 3440 1094 3490 ct
1120 3431 1197 3492 ad
1222 3430 1585 3491 dilatandum
1601 3450 1705 3510 per
1728 3431 2002 3511 finitimas
2035 3441 2217 3510 ymos
2240 3449 2440 3491 nomm
2463 3430 2579 3508 ejus
2605 3431 2789 3507 maqaezs
2813 3429 3100 3506 maqisquc
3133 3427 3353 3502 bruchii
3376 3429 3469 3486 sui
3491 3428 3676 3507 firmi-

459 3531 571 3582 tate
610 3542 709 3583 con
735 3534 897 3584 ortet.
2986 3531 3006 3548 “
3221 3575 3226 3580 ,

582 3524 833 3679 Habletis
854 3663 875 3692 ,
917 3617 1305 3682 venerabiles
1334 3617 1574 3680 Fratres
1591 3662 1609 3691 ,
1641 3631 1799 3699 'quae
1823 3591 1860 3679 a
1886 3613 2074 3679 Nobis
2091 3624 2330 3698 peracta
2354 3624 2496 3679 sunt
2513 3633 2789 3696 quaeque
2815 3613 2954 3673 Nos'
2973 3611 3050 3728 ad
3072 3630 3143 3672 ea
3181 3612 3525 3696 peragenda
3564 3611 3681 3674 im—

465 3710 769 3791 pulerunt.
1850 3765 1855 3770 ,
2601 3729 2606 3735 ·
2641 3707 2650 3718 ’
3223 3725 3240 3746 ⁴

806 5618 1000 5660 nesso
1065 5619 1153 5655 xiv
1215 5616 1338 5654 ‘rou
1398 5605 1519 5659 Vlll
3357 5593 3384 5643 ⁴
