4487 6316
492 4774 564 4834 n·-
588 4778 684 4837 tots·

491 4841 539 4870 re
554 4840 597 4869 tn
617 4842 687 4870 um

491 4898 601 4929 un.

1020 532 1090 578 :30

1803 534 1888 584 DF.
1929 531 2413 586 5.³.CnosANCT‹)
2451 530 2669 587 MtssAE
2708 528 3087 584 SACllll'lCIO

835 681 978 748 vat,
1012 693 1147 736 eam
1173 675 1391 757 jugum
1434 672 1679 737 Domini
1709 675 2002 756 appellari
2028 722 2046 750 ,
2087 684 2147 737 et
2171 679 2389 758 jugum
2499 681 2660 735 catu.
2692 676 2949 757 Egregie
2968 674 3045 736 de
3064 677 3393 740 earundem
3440 698 3750 742 sacrarum
3787 681 4061 743 vestium

833 766 968 830 leve
990 814 1007 842 ,
1054 770 1226 851 cujus
1265 769 1530 832 suavitas
1555 790 1590 831 e
1621 769 1927 835 Charitate
1968 769 2398 851 proficiscitur.

824 862 1126 924 80101114.
1152 872 1406 926 sentent.
1429 864 1567 926 dist.
1590 868 1685 926 13.
1704 883 1766 946 q.
1783 870 1841 924 2.
1856 871 1973 925 art.
1989 868 2048 925 4.
2072 872 2387 945 postquam

832 958 1038 1021 docuit
1054 958 1364 1027 Planetam
1396 958 1736 1041 significare
1757 957 1977 1021 Christi
2013 958 2279 1020 tunicam
2300 958 2392 1019 in-

831 1052 1208 1126 consutilem,
1229 1073 1412 1134 quam
1429 1054 1518 1116 illi
1538 1054 1931 1116 detraxerunt
1944 1053 2182 1126 ludaei,
2199 1071 2392 1133 quan-

829 1148 910 1209 do
935 1148 1115 1210 Cruci
1138 1149 1469 1231 affigendus
1492 1158 1656 1223 erat,
1689 1148 1977 1211 moralem
2004 1148 2185 1210 etiam
2211 1147 2390 1208 innu-

828 1262 936 1304 ens
962 1243 1363 1326 significatum
1391 1244 1506 1318 ait,
1536 1244 1828 1306 charitate
1850 1244 2156 1306 Christum
2180 1243 2386 1303 Jesnm

827 1338 1157 1418 impulsum
1192 1340 1441 1401 Crucem
1472 1339 1726 1401 subiisse
1749 1385 1765 1413 ,
1794 1348 1855 1401 et
1894 1338 2249 1401 charitatem
2276 1356 2388 1398 no-

825 1440 1091 1494 strorum
1117 1435 1355 1515 operire
1393 1434 1843 1496 multitudinem
1870 1442 2267 1515 peccatorum.
2308 1433 2387 1493 Et

712 1558 715 1561 >
821 1527 1053 1591 Natalis
1097 1528 1438 1590 Alexander
1478 1528 1540 1590 in
1580 1529 1907 1611 Theologia
1956 1529 2306 1611 Dogmatica
2325 1534 2389 1588 et

705 4771 784 4813 hac

820 1624 1043 1686 Morali'
1067 1624 1176 1686 lib.
1210 1630 1267 1685 2.
1299 1623 1374 1686 de
1400 1626 1664 1686 Sacram.
1703 1624 2189 1686 Eucharistsart.
2225 1630 2380 1686 3.'n.

818 1722 881 1778 7.
912 1724 1125 1797 putat,
1163 1717 1472 1780 Planetam
1509 1718 1717 1779 itidem
1751 1717 2093 1801 significare
2119 1717 2386 1779 charita-

821 1819 986 1883 tem3
1030 1820 1213 1892 atque
1253 1832 1329 1874 ex
1356 1822 1593 1893 pectore
1619 1822 1679 1875 et
1718 1833 1793 1874 ex
1835 1813 2104 1873 humeris
2128 1812 2386 1875 demissa

818 1923 933 1967 nos
963 1906 1297 1980 admoneri,
1329 1919 1400 1970 ut
1426 1910 1616 1969 Deum
1640 1917 1700 1969 et
1722 1907 2380 1988 proximum,*amicum

822 2009 882 2063 et
921 2002 1237 2064 inimicum
1269 2004 1633 2085 diligamus,¹
1665 2011 1725 2065 et
1759 2003 1980 2065 idcirco
2020 2022 2201 2083 super
2236 2004 2379 2065 reli-

818 2115 971 2178 quas
998 2106 1187 2160 vestes
1215 2099 1468 2179 imponi,
1500 2099 1663 2179 quod
1688 2098 1965 2160 Charitas
1991 2098 2241 2160 caeteris
2262 2099 2383 2160 vir-

820 2192 1053 2253 tutibus
1096 2192 1382 2254 omnibus
1424 2194 1761 2255 antecellat.
1814 2194 2053 2269 Quibus
2095 2193 2381 2255 omnibns

815 2287 1326 2350 consentientibus
1377 2288 1736 2350 testimoniis
1787 2288 1990 2369 quivis
2038 2288 2374 2371 intelligat,

817 2402 1002 2464 quam
1033 2390 1255 2445 temere
1296 2384 1517 2446 Vertus
1552 2394 1697 2446 tom.
1742 2390 1801 2444 2.
1844 2404 1982 2466 pag.
2018 2387 2153 2445 341.
2197 2403 2274 2445 ex
2306 2402 2380 2445 eo

811 2478 973 2558 quod
1002 2478 1502 2541 demonstraverit
1527 2479 1836 2541 Planetam
1864 2498 2245 2541 communem
2274 2499 2378 2541 an-

812 2572 1068 2653 tiquitus
1095 2581 1319 2635 vestem
1366 2574 1548 2635 fuisse
1571 2620 1587 2646 ,
1623 2583 1684 2636 et
1713 2573 1937 2636 collum
1963 2574 2373 2647 circumundi-

813 2685 934 2747 que
965 2675 1275 2748 totumque
1299 2687 1515 2748 corpus
1548 2667 1621 2729 ad
1660 2668 1835 2748 pedes
1862 2688 2054 2749 usque
2084 2666 2378 2729 contexis-

815 2782 879 2823 se
901 2807 919 2836 ,
960 2762 1207 2825 Planeta
1246 2762 1612 2825 Charitatem
1647 2763 1974 2845 significari
2004 2770 2219 2845 neget:
2267 2782 2374 2824 ue-

818 2877 939 2939 que
964 2858 1126 2919 enim
1163 2857 1417 2940 intelligi
1454 2866 1682 2938 potest,
1724 2879 1833 2921 cur
1865 2858 2129 2920 Ecclesia
2165 2858 2376 2919 Plane-

819 2959 916 3013 tae
939 2998 955 3025 ‚
1001 2971 1159 3032 quae
1204 2951 1523 3032 peculiaris
1559 2950 1944 3014 Sacerdotum
1990 2951 2171 3013 vestis
2216 2951 2374 3021 sacta

817 3045 1024 3120 fuerit,
1051 3046 1405 3130 Symbolum
1432 3065 1554 3107 non
1585 3046 1846 3127 potuerit
1877 3045 1949 3107 tri
1959 3043 2143 3107 buere
2160 3045 2375 3107 Chari-

817 3141 978 3204 tatis.
1012 3141 1237 3204 Pietate
1263 3148 1323 3203 et
1346 3134 1685 3204 eruditione
1708 3141 1805 3203 vir
1827 3140 2194 3203 clarissimus
2213 3141 2377 3203 Jose-

809 3236 977 3318 phus
1003 3236 1327 3320 Langletus
1364 3237 1689 3318 Episcopus
1714 3236 1859 3299 olim
1888 3236 2328 3298 Suoesionensis
2352 3283 2369 3311 ,

816 3349 979 3393 nunc
1005 3330 1500 3412 Archiepiscopus
1544 3331 1902 3393 Senonensis
1926 3378 1942 3406 ,
1992 3334 2056 3391 in
2100 3330 2375 3393 Tractat„

816 3427 882 3485 dc
900 3445 1024 3485 vero
1042 3425 1328 3487 Ecclesiae
1346 3437 1508 3486 sensu
1536 3427 1601 3485 in
1618 3443 1728 3486 usu
1755 3446 2051 3488 sacrarum
2079 3426 2376 3488 Caercmo-

815 3522 1051 3581 m‘arum
1087 3521 1262 3582 affert
1289 3520 1471 3582 Verti·
1488 3521 1673 3583 verba
1697 3566 1713 3594 ‚
1745 3522 1970 3602 quibus
2008 3521 2113 3583 ille
2156 3522 2375 3584 Plane-

817 3621 939 3675 tam
964 3661 980 3688 ‚
1012 3634 1169 3695 quac
1194 3614 1339 3676 olim
1368 3616 1628 3678 rotunda
1655 3625 1716 3678 et
1740 3617 1818 3678 ad
1851 3617 2032 3698 pedes
2051 3636 2246 3698 usque
2269 3617 2376 3679 de-

818 3708 999 3770 missa
1023 3710 1399 3792 significabat
1420 3710 1785 3773 Charitatem
1811 3757 1828 3785 ,
1857 3731 2044 3792 quam
2070 3711 2132 3773 S.
2165 3713 2378 3774 Petrus

816 3803 903 3865 ait
920 3805 1155 3885 operire
1175 3805 1623 3867 multitudinem
1641 3815 2040 3887 peccatorum,
2062 3827 2224 3869 nunc
2249 3827 2380 3868 mu-

818 3907 941 3961 tata
963 3899 1157 3963 forma
1185 3910 1363 3982 negat
1386 3900 1728 3984 symbolum
1757 3922 1882 3964 esse
1909 3922 2077 3982 posse
2105 3901 2378 3964 Charita-

817 3994 934 4056 tis:
965 4016 1149 4077 quam
1177 3995 1423 4075 quidem
1456 3996 1751 4057 rationem
1777 4016 1919 4058 sane
1947 3996 2375 4059 irreverentiae

816 4101 957 4152 nota
983 4090 1341 4152 inurendam
1364 4090 1499 4171 pius
1518 4091 2010 4172 Archiepiscopus
2024 4093 2164 4173 jure
2185 4091 2375 4155 incla-

815 4203 990 4246 mans
1020 4183 1102 4245 ita
1129 4183 1350 4258 diluit,
1387 4192 1456 4244 ut
1477 4184 1749 4245 ostendat
1780 4184 2126 4266 symbolum
2152 4184 2216 4245 in
2248 4184 2374 4246 sor·

818 4297 919 4340 ma
952 4278 1131 4339 vestis
1178 4298 1299 4339 non
1331 4278 1692 4353 consistere3
1730 4298 1992 4359 eumque
2026 4279 2378 4341 temeritatis

820 4372 1318 4447 insimulandum,
1340 4372 1447 4454 qui
1477 4393 1614 4434 cum
1641 4372 1788 4435 sciat
1804 4419 1821 4447 ,
1849 4373 1928 4435 ab
1947 4373 2212 4436 Ecclesia
2233 4372 2379 4435 huic

819 4466 969 4529 vesti
997 4513 1014 4541 ,
1050 4467 1158 4528 etsi
1186 4468 1604 4548 quadantenus
1637 4467 1987 4529 immutatae
2009 4513 2026 4541 ,
2061 4467 2376 4552 hujusmo-

820 4560 883 4622 di
910 4562 1252 4644 symbolum
1282 4562 1497 4636 tribui,
1524 4571 1722 4625 tamen
1749 4564 1879 4645 ejus
1911 4563 2241 4624 sententiae
2266 4583 2376 4626 au-

821 4654 959 4716 deat
984 4657 1409 4719 contradicere.
1442 4656 1598 4719 Vide
1629 4658 1758 4739 ejus
1782 4659 2094 4718 Tractatus
2115 4656 2180 4740 5.
2216 4663 2314 4720 33.

940 4753 1032 4809 10.
1064 4749 1128 4809 Si
1155 4749 1292 4830 quis
1318 4750 1470 4812 sorte
1488 4750 1653 4832 cupit
1673 4752 1748 4812 de
1772 4751 1956 4813 sacris
1982 4751 2253 4812 vestibus
2274 4769 2377 4814 ea-

689 4842 785 4872 '“·
821 4860 1083 4922 rumque
1107 4843 1441 4926 significatu
1465 4837 1714 4906 uberius
1739 4844 1973 4925 aliquid
1998 4863 2372 4927 cognoscere,

826 4937 1056 4998 tametsi
1080 4958 1187 4999 nos
1206 4938 1511 5019 potissima
1531 4959 1805 5020 quaeque
1823 4938 2118 5020 complexi
2142 4958 2373 5014 sumus,

821 5033 996 5095 adeat
1039 5034 1309 5095 Brunum
1350 5035 1425 5096 de
1470 5034 1873 5096 Caercmoniis
1899 5034 2007 5096 lib.
2042 5040 2099 5096 3.
2145 5054 2277 5115 cap.
2311 5038 2370 5095 4.

821 5129 1038 5191 Torres
1075 5129 1136 5190 in
1168 5129 1362 5191 Instit.
1412 5130 1799 5191 Sacerdotum
1826 5143 1954 5211 cap.
2004 5135 2061 5192 3.
2094 5128 2159 5212 5.
2211 5135 2271 5189 2.
2316 5137 2377 5191 et

824 5222 1215 5284 Collationem
1245 5223 1674 5288 Lucionensem
1700 5228 1793 5283 16.
1818 5242 1949 5303 par.
1976 5228 2033 5284 5.
2065 5242 2202 5306 pag.
2231 5228 2370 5286 539.

824 5318 1117 5399 Josepbus
1158 5317 1501 5380 vicecomes
1545 5316 1858 5380 Observat.
1906 5317 2372 5381 Ecclesiasticar.

825 5410 1051 5472 volum.
1085 5415 1143 5473 4.
1175 5411 1306 5473 fuse
1330 5457 1346 5483 ,
1376 5431 1445 5473 ac
1478 5410 1796 5492 multiplici
1830 5411 2186 5473 eruditionis
2206 5410 2380 5491 copia

824 5505 1058 5587 scripsit
1088 5507 1163 5569 de
1195 5507 1379 5570 sacris
1426 5506 1705 5570 Vestibus
1728 5552 1744 5581 ,
1791 5524 2122 5587 earumque
2152 5503 2381 5588 siguifi-

2495 767 2838 850 significatu
2864 770 2994 853 agit·
3025 772 3334 834 Gilbertus
3358 776 3654 837 Grimaud
3683 777 3749 837 in
3767 796 3934 838 sacra
3962 777 4061 838 Li-

2501 863 2697 944 turgia
2746 884 2876 944 par.
2915 870 2968 926 1.
3000 885 3129 946 cap.
3177 873 3234 927 6.
3268 868 3604 948 Bocquillot
3631 872 3911 933 Tractatu
3948 871 4062 934 ffi-

2495 957 2713 1019 storico
2761 957 3069 1041 Liturgiae
3109 979 3312 1022 sacrae
3344 962 3452 1022 lib.
3492 967 3546 1023 1.
3578 983 3709 1045 cap.
3750 970 3809 1026 7.
3861 975 4060 1027 osten-

2495 1050 2639 1113 dere
2681 1054 2920 1127 studet,
2957 1054 3309 1134 Apostolos,
3353 1076 3685 1139 eorumque
3723 1059 4062 1140 Discipulos

2496 1143 2561 1205 in
2589 1146 2775 1208 sacris
2801 1148 3103 1230 mysteriis
3136 1152 3493 1231 peragendis
3518 1173 3866 1217 communes
3890 1156 4063 1217 adhi-

2496 1239 2697 1302 buisse
2728 1252 2919 1304 vestes
2941 1244 3220 1324 ‚-quibus
3254 1246 3332 1307 ad
3365 1245 3675 1329 vulgarem
3692 1264 3882 1310 usum
3911 1270 4060 1331 quo-

2499 1334 2644 1396 tidie
2671 1337 3019 1399 utebantur.
3070 1339 3390 1417 Sexcentas
3422 1361 3612 1403 annos
3638 1364 3772 1405 eam
3807 1364 4058 1407 consue-

2496 1429 2768 1491 tudinem
2799 1432 3178 1511 perdurasse;
3204 1444 3397 1497 aetate
3427 1443 3626 1498 tamen
3653 1440 3723 1498 Ι).
3753 1439 4058 1521 Hierony-

2495 1522 2579 1582 mi
2606 1523 2951 1589 Sacerdotes
2974 1528 3051 1588 ad
3078 1527 3285 1615 Altare
3309 1528 3779 1611 elegantioribus
3796 1532 4059 1613 coepisse

2494 1615 2607 1688 uti,
2641 1619 2950 1700 magisque
2970 1620 3274 1683 laciniosis
3298 1623 3587 1696 vestibuS,
3618 1645 3802 1705 quam
3832 1626 4060 1705 quibus

2492 1711 2675 1792 vulgo
2703 1713 2778 1774 ad
2806 1722 3184 1777 communem
3214 1736 3390 1777 usum
3413 1718 3688 1781 homines
3715 1728 4052 1782 uterentur:

2492 1803 2734 1878 Albam,
2758 1807 3007 1882 Stolam,
3036 1821 3097 1872 et
3123 1809 3432 1872 Planetam
3467 1812 3576 1872 tx.
3608 1812 3792 1874 etiam
3818 1815 4059 1877 saeculo

2491 1899 2569 1973 ad
2613 1920 2994 1965 communem
3039 1926 3217 1967 usum
3260 1906 3566 1981 adhibita3
3609 1910 3807 1991 jussos
3854 1917 4056 1973 tamen

2487 1995 2877 2078 Presbyteros
2919 2000 2996 2061 ad
3033 2000 3276 2076 Altare,
3321 2011 3391 2064 ut
3427 2014 3782 2079 sanctorum
3831 2008 4056 2088 Myste-

2487 2089 2721 2154 riorum
2765 2093 2967 2156 decori
3010 2096 3425 2160 consuleretur
3449 2145 3467 2173 ,
3515 2099 3652 2161 aliis
3697 2101 3788 2163 uti
3837 2100 4051 2175 Albis,

2485 2184 2666 2247 Stolis
2688 2233 2704 2261 ,
2747 2196 2808 2250 et
2835 2189 3118 2253 ·Planetis
3155 2193 3235 2254 ab
3275 2193 3351 2255 iis
3376 2240 3393 2267 ‚
3435 2215 3588 2276 quas
3625 2205 3798 2258 extra
3847 2196 4059 2265 Aluan-o

2485 2290 2879 2364 sanctumque
2891 2286 3266 2349 Sacrificium
3288 2287 3626 2352 induerent.
3647 2292 3891 2353 Dudum
3918 2311 4051 2364 nos,

2486 2376 2648 2454 quod
2675 2377 2751 2439 ad
2781 2379 3095 2442 veritatem
3122 2383 3478 2463 propensius
3496 2405 3623 2446 esse
3640 2384 4056 2447 existimamus

2486 2467 2551 2529 iu
2589 2490 2658 2532 re
2693 2473 2837 2534 satis
2865 2476 3149 2555 perplexa
3182 2486 3244 2539 et
3266 2480 3554 2551 obscura,
3586 2479 4049 2547 declaravimus.

2484 2563 2605 2626 Nec
2628 2567 2710 2628 ab
2750 2567 2825 2629 iis
2861 2587 3020 2650 quae
3056 2572 3404 2652 scripsimus
3441 2574 3844 2635 recedendum
3875 2573 4054 2636 nobis

2483 2669 2799 2741 putamusg
2825 2684 2896 2726 ac
2922 2666 3149 2728 fontem
3175 2668 3518 2730 studuimus
3543 2676 4049 2740 commonstrare,

2481 2757 2644 2819 unde
2670 2765 2791 2820 tam
2822 2760 3139 2844 multiplex
3165 2763 3524 2844 opinionum
3548 2764 3811 2845 profluat
3839 2763 4049 2845 copia,

2482 2850 2589 2911 ubi
2608 2850 2685 2913 de
2711 2852 2886 2916 initio
2902 2854 3159 2938 alicujus
3178 2858 3638 2923 consuetudinis
3658 2857 3863 2920 existit
3891 2857 4052 2920 inter

2481 2946 2645 3009 viros
2690 2948 2893 3011 doctos
2937 2952 3319 3015 concertatio.
3363 2954 3470 3014 Est
3516 2952 3744 3033 aliquis
3787 2951 4052 3031 exempli

2480 3060 2698 3116 causa,
2741 3043 2847 3124 qui
2893 3045 2970 3108 ad
3010 3046 3315 3109 saeculum
3355 3048 3466 3108 IV.
3509 3047 3814 3129 originem
3864 3046 4052 3108 refert

2480 3138 2610 3218 ejus
2634 3141 3112 3217 consuetudinis,
3158 3152 3227 3206 ut
3269 3143 3334 3205 in
3363 3143 3545 3206 Missa
3590 3142 3839 3204 Planeta
3869 3162 4048 3222 pecu—

2481 3231 2651 3295 liaris
2699 3236 3133 3312 adhiberetur}
3192 3238 3376 3319 idque
3426 3239 3671 3320 optimis
3730 3236 4053 3300 confirmat

2481 3329 2905 3391 monumentis.
2955 3331 3177 3393 Contra
3224 3352 3295 3394 ea
3349 3332 3759 3394 testimonium
3807 3331 3887 3393 ab
3924 3329 4049 3393 alio

2481 3421 2833 3501 producitur
2863 3469 2881 3497 ‚
2936 3424 3315 3486 Sacerdotem
3368 3425 3551 3486 fuisse
3602 3425 3878 3504 aliquem
3935 3424 4042 3485 vl.

2482 3516 2754 3591 saeculo,
2781 3518 2888 3598 qui
2917 3517 3227 3580 Planetam
3264 3519 3518 3581 eandem
3559 3518 3636 3580 in·
3654 3518 3838 3581 Missa
3860 3518 4044 3581 adhi-

2484 3608 2682 3682 beret,
2724 3630 2848 3691 qua
2884 3612 2961 3673 ad
3002 3632 3380 3674 communem
3419 3632 3596 3673 usum
3637 3614 3940 3676 utebatur.
3976 3613 4046 3675 Id

2483 3711 2685 3764 autem
2711 3705 2760 3766 si
2789 3704 2929 3785 quis
2957 3705 3099 3767 satis
3123 3725 3248 3767 esse
3273 3706 3532 3786 postulet
3565 3706 3645 3768 ad
3681 3707 4044 3769 sententiam

2483 3799 2846 3860 contrariam
2895 3800 3311 3873 evertendam,
3375 3800 3480 3862 ille
3530 3800 3798 3862 nimium
3839 3810 4045 3882 postu-

2484 3890 2587 3953 lat.
2641 3894 2791 3955 Inde
2825 3887 2987 3955 enini
3027 3893 3177 3955 illud
3229 3895 3404 3956 nobis
3445 3896 3864 3957 tantummodo
3904 3915 4046 3976 pro·

2481 3986 2637 4050 clive
2662 3988 2922 4063 videtur,
2951 3989 3134 4050 fuisse
3157 3989 3446 4070 aliquem,
3471 3990 3579 4071 qui
3610 3990 4045 4071 posterioribus

2482 4084 2884 4164 temporibus,
2912 4083 3142 4146 etiamsi
3182 4086 3522 4147 communis
3544 4085 3871 4149 invaluerit
3897 4105 4043 4148 con-

2479 4178 2764 4252 suetudo,
2793 4197 2919 4240 sese
2942 4177 3236 4238 eximium
3262 4178 3484 4260 populo
3508 4181 3796 4261 praebere
3821 4179 4037 4252 voluit,

2482 4292 2551 4334 ac
2594 4272 2843 4334 sortasse
2882 4271 3067 4333 etiam
3098 4271 3277 4355 justis
3313 4292 3384 4334 ac
3426 4274 3716 4357 gravibus
3758 4273 3955 4335 musis
4001 4291 4041 4336 a

2481 4366 2784 4428 communi
2810 4366 3241 4428 consuetudine
3280 4368 3396 4429 sibi
3437 4369 3832 4430 recedendum
3862 4377 4040 4449 puta—

2483 4462 2591 4524 vit.
2626 4464 2824 4542 Atque
2861 4461 2938 4524 ad
2976 4463 3235 4523 eundem
3277 4464 3521 4524 modum
3559 4462 4039 4545 argumentando

2482 4577 2659 4637 saepe
2699 4576 2940 4637 peccare
2976 4556 3153 4618 nobis
3189 4557 3429 4620 videtur
3463 4556 3902 4638 Bocquillotus,
3931 4557 4038 4637 qui

2482 4651 2862 4714 dissimulare
2897 4650 3143 4731 quidem
3181 4671 3303 4713 non
3345 4661 3534 4732 potest
3572 4653 3644 4713 Ι).
3677 4651 4039 4734 Hieronymi

2484 4747 2897 4809 auctoritatem
2915 4792 2931 4818 ,
2960 4765 3143 4826 quem
3172 4746 3499 4808 Ezechielis
3524 4755 3704 4827 caput
3730 4751 3827 4808 44.
3860 4767 4040 4810 enar-

2484 4851 2716 4905 rantem
2763 4842 2849 4904 ait
2900 4841 3040 4903 inde
3084 4839 3343 4914 inferre,
3393 4842 3546 4903 nulli
3595 4843 3685 4905 sas
3729 4862 3857 4904 oese
3902 4861 4042 4905 cum

2483 4935 2904 4998 communibus
2927 4943 2988 4995 et
3014 4933 3294 5015 profanis⁴
3319 4935 3584 4997 vestibus
3623 4935 3857 5019 ingredi
3886 4936 4038 4998 San-

2484 5031 2813 5103 ctuarinm,
2842 5048 3117 5110 puraque
3155 5038 3353 5091 mente
3387 5030 3501 5091 sibi
3546 5032 3699 5093 bene
3739 5030 4037 5104 conscios,

2483 5146 2554 5187 ac
2593 5123 3031 5205 peculiaribus»,
3062 5143 3220 5204 quae
3243 5123 3518 5200 deceant,
3550 5126 3920 5188 vestimentis
3944 5126 4040 5187 in—

2484 5220 2660 5280 dutos
2702 5226 2978 5298 oportere
3025 5216 3246 5278 Divina
3295 5227 3549 5281 tractare
3593 5220 3918 5302 mysteria;
3962 5216 4076 5282 ex*

2484 5334 2608 5394 quo
2643 5321 2893 5393 apparet
2929 5310 3259 5392 peculiares
3298 5312 3406 5372 IV.
3456 5313 3693 5375 sacculo
3737 5309 4043 5377 adhibitas

2485 5428 2612 5472 esse
2637 5419 2828 5470 vestes
2852 5406 2928 5467 ad
2957 5406 3219 5468 Missam.
3251 5406 3367 5468 Sed
3392 5427 3530 5468 cum
3557 5407 3618 5468 in
3651 5408 3774 5470 vita
3799 5408 3859 5470 S.
3895 5409 4038 5470 Ful-

2485 5502 2705 5587 gentii,
2733 5500 2841 5583 qui
2882 5499 3037 5563 vixit
3065 5509 3196 5581 post
3221 5501 3509 5566 ducentos
3545 5502 3672 5565 fere
3693 5523 3915 5579 annos,
3948 5503 4034 5566 le-
