4487 6316
1803 553 2133 609 APPEme
2169 553 2299 610 xxl.

463 701 727 762 uetulum
756 722 920 762 snum
950 712 1119 764 sacra
1141 702 1459 762 ministeria
1487 698 1769 771 exhiberi,
1795 702 2002 760 scilicet

462 807 530 854 ut
556 816 675 857 una
701 817 827 856 cnm
862 794 1092 856 Sanctis
1123 796 1416 876 Episcopi-s
1448 795 1632 855 oblato
1659 792 1957 874 Sacrificio
1982 841 1998 864 ,

461 892 712 950 animam
745 911 908 951 suam
936 889 1174 949 Domino
1199 889 1623 949 commendaret:
1651 887 1811 967 quod
1839 898 1897 948 et
1921 886 2004 948 fa-

462 992 627 1044 ctum
678 984 975 1045 indicatur
1024 1003 1191 1043 num.
1246 988 1303 1043 3.
1336 983 1418 1042 Et
1463 1002 1588 1041 cnm
1638 983 1768 1043 haec
1813 984 2005 1042 mnnia

467 1076 714 1138 Sanctus
742 1079 1053 1159 Episcopus
1089 1079 1261 1149 laeto,
1289 1097 1355 1137 ac
1377 1076 1616 1156 perfecto
1640 1077 1833 1135 ordine
1866 1077 2002 1134 cele-

466 1172 697 1232 brasset:
730 1173 936 1252 Neque
960 1217 976 1246 ,
1018 1171 1181 1252 quod
1223 1170 1413 1250 aliqui
1454 1169 1859 1242 contendunt,
1897 1168 2003 1230 illa

467 1264 675 1325 Uranii
719 1265 904 1327 verba
946 1264 1022 1325 de
1063 1263 1441 1344 perceptione
1470 1262 1684 1324 Sacrae
1709 1261 2003 1323 Euchari-

462 1359 644 1432 stiae,
678 1378 794 1420 non
833 1359 975 1420 item
1004 1357 1079 1419 de
1111 1357 1510 1420 celebratione
1536 1356 1751 1418 Missae
1777 1354 2002 1416 intelli-

456 1453 653 1534 genda
680 1462 855 1514 sunt:
887 1452 1028 1514 huic
1050 1452 1217 1515 enim
1247 1452 1654 1532 suffragantur
1680 1449 2003 1511 Tillemon-

463 1547 583 1608 tius
604 1549 777 1610 Tom.
824 1551 917 1609 14.
943 1547 1007 1607 in
1039 1546 1201 1608 Actis
1222 1546 1283 1607 S.
1306 1545 1547 1607 Paulini
1580 1552 1697 1607 art.
1730 1549 1826 1604 52.
1858 1563 1994 1625 pag.

463 1627 596 1703 139.
634 1642 776 1703 edit.
812 1643 1028 1704 Venet.
1080 1640 1573 1720 doctissimusque
1600 1639 1774 1700 Pater
1807 1638 2001 1720 Magi-

455 1746 577 1798 ster
591 1736 727 1798 Orsi
754 1736 1037 1819 Magister
1056 1735 1220 1797 Sacri
1243 1733 1458 1796 Palatii
1481 1732 1804 1814 Apostolici
1821 1734 1992 1793 Tom.

461 1836 557 1892 12.
586 1832 743 1892 Hist.
776 1830 995 1892 Eccloe.
1029 1829 1137 1891 lib.
1176 1835 1268 1890 18.
1305 1849 1364 1889 n.
1397 1833 1495 1888 76.
1528 1847 1664 1909 pag.
1699 1826 1834 1887 375.

571 1924 800 1984 XXVI.
837 1922 1111 2003 Speciosa
1138 1922 1384 2002 quidem
1413 1930 1552 1981 sunt
1593 1919 1867 2000 exempla
1892 1938 1994 1980 su-

452 2019 655 2100 perius
680 2017 862 2080 allata
881 2062 897 2091 ,
931 2016 1350 2098 praesentique
1375 2014 1537 2076 casui
1566 2014 1839 2094 apprime
1859 2032 1998 2075 con-

454 2114 742 2187 veniunt,
776 2132 987 2174 verum
1014 2110 1264 2191 antiqua
1291 2118 1430 2171 sunt
1448 2154 1464 2181 ,
1493 2117 1553 2170 et
1583 2107 1995 2188 praecedentia

451 2217 687 2289 tempus
713 2208 865 2268 illud
887 2252 903 2280 ,
933 2224 1055 2286 quo
1084 2206 1146 2266 in
1178 2205 1494 2265 modernos
1537 2202 1691 2263 ritus
1738 2200 1854 2262 fuit
1896 2221 1994 2263 re-

451 2302 629 2364 ducta
661 2302 876 2363 Missae
918 2301 1133 2363 forma.
1182 2301 1261 2360 At
1291 2317 1433 2359 vero
1459 2298 1521 2358 S.
1568 2296 1849 2358 Tarasius
1878 2297 1991 2358 Pa-

452 2395 714 2457 triarcba
743 2387 1438 2473 Constantinopolitanus
1464 2400 1737 2452 mortuus
1764 2398 1853 2451 est
1877 2390 1992 2451 sub

453 2490 695 2551 initium
721 2487 953 2554 Saeculi
985 2488 1128 2548 noni
1147 2535 1163 2558 ,
1194 2485 1464 2568 ignatius
1489 2504 1634 2546 vero
1667 2484 1994 2564 Episcopus

449 2584 784 2645 Nicaenus.
828 2581 1056 2644 Tarasii
1100 2578 1464 2660 discipulus,
1513 2586 1574 2640 et
1622 2577 1789 2638 illius
1833 2576 1995 2639 vitae

449 2677 703 2759 scriptor
724 2723 740 2749 ,
773 2676 1068 2738 videndus
1105 2674 1264 2755 apud
1295 2672 1620 2735 Baronium
1647 2672 1725 2734 ad
1764 2690 1993 2733 annum

446 2777 587 2833 806.
620 2779 680 2832 et
707 2770 865 2850 apud
890 2768 1286 2830 Bollandistas
1316 2777 1456 2827 tom.
1487 2771 1544 2827 3.
1574 2767 1864 2828 Februar.
1889 2781 1995 2845 pa-

447 2865 574 2948 gin.
609 2871 746 2926 586.
782 2883 949 2924 num.
984 2868 1082 2924 47.
1103 2907 1119 2936 ,
1149 2861 1314 2923 hunc
1341 2861 1404 2923 in
1434 2860 1679 2922 modum
1711 2859 1996 2922 describit

444 2959 906 3023 celebrationem
939 2957 1156 3020 Missae
1186 2976 1222 3018 a
1250 2956 1465 3018 Sancto
1485 2954 1838 3016 Patriarcba
1861 2973 1994 3034 gra-

434 3056 605 3116 viter
633 3054 1024 3115 decumbente
1061 3059 1386 3132 peractam:
1424 3049 1697 3128 [nomem
1725 3050 1947 3108 morbus
1974 3096 1988 3118 ‚

445 3161 495 3210 et
527 3149 688 3209 valde
715 3167 939 3227 qravem
965 3148 1017 3207 ei
1045 3146 1289 3207 dolorem
1320 3143 1553 3226 afferens
1572 3191 1587 3215 ,
1619 3164 1732 3202 non
1755 3163 1991 3223 persua-

445 3246 552 3313 sit,
584 3253 648 3303 ut
690 3243 1105 3301 oblivisceretur
1130 3242 1417 3320 perpetui,
1459 3250 1509 3299 et
1538 3238 1740 3298 Divini
1769 3234 1986 3317 Officii.

442 3338 671 3400 Namet
698 3337 886 3396 morbo
904 3383 920 3405 ,
951 3345 1001 3395 et
1024 3336 1176 3394 senio
1207 3335 1468 3395 laborans
1488 3381 1502 3403 ,
1526 3350 1881 3412 nequaquam
1902 3353 1992 3393 sa-

448 3430 700 3494 tiabatur
743 3430 1085 3492 sacrosancti
1122 3427 1398 3509 Mysterii
1443 3428 1808 3488 celebratione
1832 3473 1849 3497 ,
1896 3429 1990 3488 sed

442 3530 657 3587 intenso
680 3546 865 3588 amore
890 3525 967 3585 ad
997 3523 1179 3583 Deum
1220 3525 1423 3584 ardens
1438 3569 1455 3593 ,
1483 3533 1534 3583 et
1560 3524 1741 3584 morbi
1766 3525 1991 3584 nullam

447 3621 648 3681 ducens
673 3621 979 3691 rationem,
1010 3627 1226 3697 pectore
1251 3619 1490 3677 innixas
1510 3637 1726 3679 metisae
1758 3618 1991 3696 liyneae,

448 3734 589 3793 qnae
612 3716 924 3793 ponebatur
948 3723 1078 3773 ante
1104 3711 1288 3772 Aram
1312 3711 1585 3772 Divinam
1601 3760 1616 3782 ,
1653 3711 1871 3773 Sancta
1886 3732 1986 3791 pe-

444 3811 707 3886 raqebat,
739 3808 997 3888 infirmas
1017 3808 1293 3865 videlicet:
1320 3807 1486 3885 quod
1514 3815 1633 3879 est,
1663 3815 1902 3880 ventre,
1927 3814 1989 3868 et

446 3909 683 3982 pectore
714 3899 906 3962 adniti
931 3899 1171 3961 tabulae
1190 3945 1206 3971 ,
1228 3908 1583 3980 partemque
1607 3900 1874 3981 corporis
1895 3920 1984 3962 re-

444 3993 705 4075 liquam,
730 3992 984 4074 pedibus
1009 3994 1416 4056 sustentando.
1446 3997 1535 4057 De
1555 3995 1615 4055 S.
1643 3997 1830 4058 lvone
1848 3997 1986 4058 Pre-

443 4092 686 4173 sbytero
707 4099 767 4151 et
786 4089 1054 4151 Parocho
1074 4089 1420 4151 Britanniae
1432 4090 1864 4153 Armoricensis
1880 4110 1986 4153 an-

447 4203 525 4246 no
557 4190 728 4245 1303.
759 4183 1040 4245 defuncto
1067 4181 1318 4264 legitur,
1348 4184 1511 4263 quod
1552 4184 1805 4264 pedibus
1836 4184 2007 4246 insi-f

445 4287 601 4340 stere
619 4296 741 4339 non
763 4275 970 4338 valens
984 4275 1097 4338 hoc
1115 4275 1358 4337 Missam
1377 4276 1768 4339 celebraverit
1783 4278 1981 4340 modo:

443 4371 614 4452 Fuyit
641 4373 776 4432 adeo
802 4371 1092 4451 infirmus,
1128 4379 1181 4429 et
1218 4370 1447 4440 debilis,
1490 4372 1637 4449 quod
1662 4391 1717 4431 se
1745 4391 1858 4430 non
1877 4391 1980 4452 po-

444 4476 591 4526 terat
615 4467 909 4532 sustinere,·
937 4467 1106 4523 immo
1132 4464 1415 4523 interdum
1440 4466 1859 4526 mtenmbamr
1880 4486 1984 4547 per

443 4561 663 4638 aliquos
698 4560 1042 4628 assistentes,
1091 4567 1144 4618 et
1182 4560 1263 4619 sic
1292 4558 1535 4621 Missam
1581 4560 1874 4621 celebravit
1919 4564 1984 4621 in

446 4651 721 4734 Cappella
768 4670 899 4713 sua:
948 4659 1129 4733 prout
1171 4652 1375 4715 videre
1414 4662 1502 4715 est
1542 4664 1683 4715 tom.
1741 4658 1799 4715 4.
1833 4655 1979 4737 Maji

446 4748 607 4827 apud
635 4747 1060 4809 Bollandianos
1094 4765 1228 4828 pag.
1278 4751 1415 4809 541.
1446 4750 1520 4808 Α.
1554 4766 1722 4808 num.
1760 4754 1853 4809 17.
1893 4758 1983 4812 at·

443 4860 562 4921 que
594 4842 757 4903 testis
782 4843 848 4902 de
876 4844 1000 4902 visu
1032 4841 1254 4903 fatetur
1279 4842 1441 4922 apud
1469 4842 1707 4903 eosdem
1736 4842 1979 4905 Ballan-

442 4935 652 4997 dianos
694 4934 804 4997 loc.
849 4934 949 4997 cit.
985 4954 1121 5017 pag.
1156 4941 1292 4997 560.
1326 4936 1393 4997 C.
1425 4956 1486 4997 n.
1525 4941 1623 4997 65.
1658 4936 1979 4999 Mauritius

388 5084 392 5088 Α
440 5048 585 5090 vero
625 5026 953 5090 Gaufridus
991 5028 1057 5090 in
1108 5028 1346 5109 prolixa
1387 5029 1783 5111 descriptione
1818 5031 1979 5099 vitae

441 5121 503 5183 S.
545 5122 747 5183 lvonis
773 5122 837 5183 in
881 5122 985 5184 cit.
1020 5131 1159 5185 tom.
1208 5127 1266 5183 4.
1299 5123 1803 5197 Bollandistarum
1839 5142 1973 5208 pag.

448 5221 586 5278 594.
617 5218 668 5277 Α
711 5234 840 5296 cap.
875 5222 933 5276 5.
967 5236 1134 5277 num.
1170 5223 1265 5278 59.
1298 5237 1426 5279 rem
1452 5238 1691 5287 omnem
1718 5219 1802 5280 ita
1820 5239 1979 5281 com-

438 5310 742 5392 plectitur:
770 5310 925 5370 Erat
954 5323 1142 5372 autem
1159 5312 1296 5373 adeo
1327 5322 1458 5373 tnnc
1483 5314 1764 5387 infirmus,
1792 5323 1859 5374 ut
1870 5334 1980 5395 pro

440 5406 724 5466 debilitate
752 5408 993 5485 eorponls
1013 5424 1112 5466 nec
1153 5408 1412 5477 induere,
1453 5425 1551 5468 nec
1577 5427 1778 5468 exuere
1797 5428 1901 5489 per
1924 5429 1980 5471 se

441 5492 717 5581 msficeret
760 5518 951 5562 sacras
995 5511 1194 5570 restes,
1241 5502 1335 5562 sed
1377 5520 1475 5562 nee
1503 5503 1632 5563 alia
1660 5521 1765 5582 pro
1792 5502 1982 5566 Misus

3355 556 3460 608 377

2109 700 2418 761 necessaria
2447 717 2793 782 praeparare
2825 701 2900 764 ad
2921 700 3201 763 Altarme
3225 706 3519 772 sustinere,
3542 710 3645 763 ast

2108 795 2184 853 ad
2210 794 2536 853 elevandam
2572 793 2789 874 Corpus
2817 794 3048 854 Domini
3070 815 3124 855 se
3141 796 3345 873 juvare
3361 842 3377 865 ,
3420 796 3536 854 nisi
3574 795 3647 855 ab

2108 888 2490 947 assistentibus
2506 888 2813 949 Abbatibus
2836 887 3204 968 Belliportus,
3230 889 3366 948 etde
3395 887 3641 965 Beaqar,

2110 993 2162 1041 et
2185 981 2596 1043 Archidiacono
2619 981 2936 1043 Trecorensi
2964 1003 3090 1043 cum
3110 985 3244 1044 aliis
3267 982 3646 1062 praesentibus

2107 1076 2427 1153 fulciretur.
2511 1101 2516 1110 ·

2225 1170 2487 1231 xxvn.
2536 1169 2823 1250 Proprius
2850 1171 2976 1252 jam
3018 1169 3094 1231 ad
3133 1188 3373 1249 scopum
3416 1168 3645 1231 accedi-

2106 1281 2261 1336 mus,
2284 1263 2384 1324 sed
2408 1282 2544 1325 cum
2559 1263 2872 1344 disciplina
2895 1263 3062 1324 illius
3079 1263 3235 1336 aevi,
3260 1265 3430 1345 cujus
3448 1281 3646 1324 exem-

2104 1358 2206 1439 pla
2233 1359 2296 1419 in
2326 1359 2587 1420 medium
2616 1359 2949 1433 attulimuS,
2975 1359 3377 1421 necessitatem
3402 1359 3643 1439 dispens

2105 1452 2353 1514 sationis
2375 1452 2744 1534 Apostolicae
2762 1453 2837 1515 ad
2861 1452 3076 1514 Missae
3102 1452 3278 1513 seden
3288 1452 3472 1514 tariae
3489 1451 3642 1514 cele-

2104 1546 2441 1608 brationem
2464 1548 2717 1610 necdum
2741 1547 3070 1621 induxerit,
3093 1567 3249 1627 quae
3268 1556 3388 1608 tam
3412 1547 3644 1628 sapien·

2104 1648 2195 1702 ter
2222 1641 2543 1703 admodum
2578 1652 2667 1704 est
2692 1643 2927 1704 invecta
2951 1687 2967 1715 ,
3003 1661 3080 1703 ne
3116 1642 3436 1722 quisquam
3468 1640 3640 1702 infir-

2104 1735 2372 1798 mitatem
2399 1736 2512 1798 sibi
2538 1736 2771 1819 fingens
2787 1737 3045 1799 sedendo
3065 1738 3368 1799 celebrare
3388 1746 3642 1819 augusta

2102 1831 2390 1913 Mysteria
2419 1832 2666 1894 auderet
2698 1851 2713 1892 :
2760 1832 3105 1894 adferemus
3144 1851 3327 1913 porro
3367 1830 3642 1912 exempla

2100 1943 2510 1988 concessarum
2534 1947 2570 1989 a
2602 1927 2890 1988 Romanis
2919 1925 3310 1989 Pontificibus
3336 1926 3642 2008 dispensa-

2102 2020 2325 2082 tionem
2348 2040 2457 2101 pro
2476 2020 2876 2082 celebratione
2895 2021 3111 2083 Missae
3128 2040 3165 2082 a
3184 2020 3528 2083 sedentibus
3544 2040 3644 2083 ex-

2098 2124 2269 2196 cepto
2294 2123 2559 2196 tempore
2581 2114 2863 2189 Catienis,
2889 2114 2963 2176 de
2980 2134 3105 2194 quo
3125 2115 3288 2177 haud
3308 2123 3397 2177 est
3412 2123 3645 2177 contro-

2099 2209 2295 2272 versia
2311 2255 2328 2283 ,
2359 2210 2463 2270 sed
2490 2209 2565 2270 de
2592 2208 2823 2290 integra
2851 2207 3032 2271 Missa
3058 2227 3096 2270 a
3120 2208 3463 2270 sedentibus
3489 2208 3643 2270 cele-

2099 2305 2274 2367 brata
2299 2349 2316 2378 ,
2368 2305 2443 2365 de
2484 2323 2605 2384 qua
2650 2303 2714 2364 in
2754 2303 3229 2385 praesentiarum
3267 2303 3641 2385 potissimum
3703 2384 3707 2389 .

2096 2399 2367 2480 quaestio
2396 2398 2678 2481 agitatur.

2152 2501 2159 2511 ¹
2218 2493 2509 2555 xxvlll.
2540 2493 2802 2554 loannes
2826 2492 3038 2554 Benna
3070 2492 3336 2555 Venetus
3360 2491 3551 2555 factus
3576 2499 3633 2556 3.

2097 2585 2455 2649 Novembris
2485 2590 2657 2647 1534.
2691 2585 3023 2667 Episcopus
3060 2586 3400 2669 Algerensis
3423 2633 3441 2662 ,
3470 2588 3642 2650 inde·

2099 2701 2219 2762 que
2245 2702 2406 2744 anno
2435 2687 2608 2744 1538.
2640 2682 2741 2743 die
2772 2686 2867 2743 13.
2911 2682 3053 2763 Maji
3090 2682 3166 2744 ad
3208 2682 3421 2744 Sedem
3463 2686 3639 2746 Pam-

2099 2775 2332 2856 pelonis
2359 2776 2563 2837 Novae
2598 2774 2927 2836 translatus
2975 2775 3175 2838 varias
3217 2794 3254 2838 a
3291 2776 3479 2838 Paulo
3521 2778 3633 2838 111.

2098 2869 2322 2951 gratias
2355 2869 2546 2950 petiit.
2588 2871 2751 2931 Inter
2776 2868 2897 2931 alia
2925 2869 3223 2950 exposuit,
3253 2889 3315 2931 se
3343 2872 3642 2952 podagrae

2099 2964 2311 3023 morbo
2338 2962 2503 3024 omni
2533 2962 2964 3042 propemodum
2986 2963 3396 3024 membrorum
3422 2984 3536 3025 usu
3554 2984 3641 3027 es-

2096 3076 2160 3118 se
2184 3058 2513 3139 privatum:
2540 3055 2787 3118 Diversis
2810 3057 3239 3137 infirmitatibus
3252 3059 3536 3138 podaqrao
3553 3061 3644 3120 de·

2100 3162 2283 3212 tentus
2308 3201 2323 3222 ,
2356 3153 2557 3231 quibus
2582 3152 2694 3230 lere
2720 3151 2796 3212 ad
2825 3153 3199 3212 membrorum
3224 3153 3641 3215 invaliditatem

2098 3248 2354 3307 redactus
2384 3266 2437 3307 es
2459 3266 2479 3305 .·
2509 3247 2771 3326 Ideoque
2814 3246 3058 3307 Missam
3097 3247 3311 3323 stando
3336 3247 3642 3311 celebrare

2096 3359 2220 3400 nou
2252 3340 2460 3402 valens
2485 3385 2501 3414 ,
2530 3339 2702 3421 petiit
2733 3334 3080 3402 facultatem
3123 3328 3319 3402 Sticris
3349 3343 3638 3422 operandi

2096 3434 2161 3495 in
2187 3434 2333 3497 sella
2353 3454 2424 3496 eo
2445 3434 2711 3500 confecta
2730 3433 3010 3506 artificio,
3035 3444 3101 3496 ut
3121 3435 3212 3496 illi
3236 3436 3500 3498 insidens
3519 3445 3640 3498 sta-

2094 3549 2162 3591 re
2190 3530 2497 3591 videretur
2523 3548 2539 3589 z
2569 3529 2653 3589 Ae
2684 3532 2793 3590 tibi
2818 3576 2833 3600 ,
2865 3532 2969 3608 qni
2988 3541 3217 3610 propter
3243 3532 3636 3612 infirmitatem

2094 3626 2438 3705 praedictam
2465 3672 2480 3695 ,
2511 3624 2755 3686 Missam
2779 3626 2981 3686 stando
3006 3626 3278 3687 celebrare
3304 3645 3417 3686 non
3441 3628 3590 3688 vales
3613 3677 3630 3698 ,

2091 3730 2144 3779 et
2167 3722 2290 3780 zelo
2315 3721 2616 3780 devotionis
2639 3738 2896 3781 accensus
2923 3720 3168 3780 Missam
3192 3722 3465 3801 celebrare
3489 3722 3633 3781 desi-

2092 3814 2254 3875 deras
2279 3857 2295 3886 ,
2330 3814 2434 3872 tibi
2456 3859 2472 3883 ‚
2500 3823 2566 3873 ul
2595 3814 2826 3873 sedendo
2857 3814 2923 3872 in
2953 3814 3195 3891 quodam
3221 3815 3467 3895 artificio
3491 3815 3634 3875 sedis

2090 3926 2190 3987 per
2215 3918 2265 3966 te
2293 3908 2471 3985 sacto,
2500 3909 2564 3967 in
2589 3926 2699 3985 qno
2722 3908 2954 3967 sedendo
2980 3917 3131 3968 stare
3155 3908 3360 3968 videris
3376 3956 3392 3979 ,
3421 3912 3633 3987 quoties

2094 4002 2197 4062 tibi
2219 4003 2540 4082 placuerit,
2585 4000 2828 4063 Missam
2868 4002 3140 4062 celebrare
3165 4049 3183 4071 ,
3213 4003 3637 4064 benedictionem

2091 4096 2329 4173 elarqiri
2347 4140 2363 4164 ,
2394 4104 2444 4154 et
2473 4096 2597 4156 alia
2618 4142 2633 4166 ,
2662 4115 2804 4173 qnae
2829 4095 2906 4155 ad
2937 4094 3332 4176 Episcopatem
3360 4093 3632 4157 Ordinem

2086 4191 2391 4269 pertinent,
2421 4191 2590 4249 etiam
2613 4190 2843 4249 sedendo
2872 4208 3145 4260 exercere,
3174 4199 3354 4250 tenore
3371 4210 3634 4270 praesen-

2093 4286 2235 4344 tium
2254 4285 2319 4344 de
2339 4286 2571 4364 speciali
2591 4285 2784 4363 qratia
2813 4284 3192 4363 indulqemns:
3210 4287 3453 4364 proviso,
3482 4286 3630 4364 quod

2088 4376 2364 4438 Divinum
2382 4376 2815 4439 Sacramentum
2830 4379 3018 4457 debita
3037 4398 3165 4439 cum
3185 4383 3492 4441 rwerentia
3512 4389 3629 4441 tra-

2086 4482 2267 4532 ctetur
2291 4519 2304 4539 .
2333 4483 2384 4532 et
2411 4474 2743 4534 scandalum
2765 4492 2880 4532 non
2904 4483 3193 4552 sequatur,
3230 4483 3282 4533 et
3306 4476 3359 4533 si
3384 4476 3626 4535 celebra·

2090 4568 2236 4627 tione
2267 4578 2365 4627 tna
2394 4569 2456 4626 in
2486 4568 2730 4648 artificio
2756 4568 3043 4648 praedicto
3075 4568 3354 4628 obstantes
3383 4567 3622 4629 seanda-

2090 4658 2265 4721 lizari
2291 4662 2668 4721 verisiiniliter
2692 4662 2845 4722 credi
2856 4663 3053 4741 possit,
3078 4660 3496 4721 celebrationem
3516 4662 3623 4721 lm-

2077 4755 2328 4832 jusmodi
2356 4774 2469 4815 non
2492 4755 2716 4835 publice
2736 4803 2752 4825 ,
2785 4756 2879 4816 sed
2902 4757 3178 4836 privatim
3206 4756 3406 4833 facias.
3435 4756 3625 4817 Breve

2086 4848 2423 4911 Cardinalis
2453 4848 2806 4931 Hieronymi
2836 4849 3128 4911 Ghinucci
3150 4869 3332 4912 manu
3360 4851 3623 4921 subscri-

2085 4948 2257 5022 ptum
2301 4942 2599 5022 reperitur
2626 4988 2643 5015 ,
2695 4942 2799 5004 ille
2842 4942 3006 5005 enim
3036 4943 3257 5024 scripta
3297 4944 3622 5006 roborandi

2090 5055 2336 5098 munere
2361 5035 2745 5117 fungebatur,
2777 5045 2956 5118 prout
2981 5022 3336 5105 Ciacoonius'
3354 5039 3522 5100 Tom.
3557 5044 3615 5099 3.

2087 5148 2223 5211 pag.
2258 5135 2394 5191 569.
2432 5130 2656 5191 refert:
2687 5131 2986 5212 adJ’ectum
3016 5150 3266 5212 quoque
3291 5139 3380 5193 est
3404 5150 3624 5194 nomen

2086 5222 2402 5284 Secretarii
2441 5223 2763 5303 Apostolici
2808 5224 3070 5286 breviori
3114 5233 3256 5286 neta
3294 5224 3614 5306 signatum.

2090 5317 2293 5398 Ipsum
2316 5336 2460 5379 vero
2487 5318 2676 5379 Breve
2693 5317 2951 5397 habetur
2971 5317 3036 5379 in
3062 5317 3318 5380 schediis
3341 5325 3621 5399 autogra-

2086 5409 2224 5491 phis
2240 5411 2529 5473 ‘Brevium
2551 5411 2724 5474 Pauli
2752 5412 2865 5474 111.
2889 5412 2953 5474 in
2975 5412 3261 5475 Arcbivio
3278 5421 3500 5475 secreto
3520 5431 3623 5474 an-

2087 5504 2161 5574 ui'
2178 5508 2353 5566 1538.
2377 5524 2526 5567 num
2546 5509 2683 5567 466.
2702 5505 3126 5589 integrumque
3141 5505 3527 5569 exhibebitur
3548 5507 3626 5568 ad
