4487 6316
198 1208 389 1255 'oannis

199 1270 421 1327 lbvgthei

158 4511 255 4539 a...
353 4457 445 4542 tm:

160 4555 311 4598 Cataces
328 4556 442 4599 adhi-

159 4610 294 4654 beent
402 4623 443 4658 et

1826 504 1950 556 us.
1989 504 2030 555 1.
2070 501 2213 555 CAP.
2250 504 2339 556 lv.

488 643 689 724 iuluiss
710 682 729 718 ι

488 742 759 810 vimineo,
803 741 1154 819 Sanguinem
1176 752 1363 821 portat
1403 742 1465 801 in
1490 745 1661 802 citro:
1700 741 1850 802 etin
1894 741 2030 801 Vita

487 833 551 894 S.
584 834 842 895 Caesarii
871 833 1231 896 Arelatensis
1251 880 1267 907 ,
1298 834 1403 915 qui
1448 843 1727 916 vergente
1758 833 1818 893 in
1848 833 2031 894 finem

489 934 550 988 5.
585 937 645 989 et
672 928 916 989 ineunte
944 935 1001 989 6.
1034 929 1269 991 saeculo
1296 928 1522 1001 floruit,
1553 927 1761 989 scribit
1786 928 2031 1010 Cypria-

491 1041 608 1084 nus
633 1023 1153 1103 quidamnatione
1174 1023 1384 1086 Gallus
1404 1069 1420 1096 ,
1450 1023 1680 1093 Annon,
1712 1022 1940 1103 inquit,
1974 1025 2036 1082 in

490 1117 640 1177 vitro
665 1118 900 1178 habetur
926 1116 1178 1196 Sanquis
1208 1117 1466 1177 Christi?

605 1216 664 1271 6.
695 1211 957 1273 loannes
979 1211 1227 1291 quidam
1250 1211 1593 1293 Dovgtheus
1620 1209 2033 1271 Heterodoxus

417 1355 432 1371 .
480 1306 832 1367 ‘ructatum
853 1305 1043 1367 edidit
1069 1308 1317 1368 Bremae
1341 1326 1485 1367 ann.
1514 1309 1685 1365 1694.
1712 1304 1795 1364 De
1819 1303 2034 1364 Calici-

492 1401 592 1462 bus
618 1400 1034 1462 Eucharistieis
1053 1413 1296 1461 ceterum
1324 1400 1801 1464 Christianorum,
1824 1397 1887 1458 in
1913 1416 2034 1477 quo

491 1502 699 1554 narrat
726 1514 862 1575 pag.
897 1500 994 1555 98.
1025 1513 1109 1567 se,
1133 1494 1276 1555 dum
1303 1503 1455 1555 esset
1474 1495 1720 1562 Romae,
1742 1484 2032 1570 quosdam

488 1586 579 1650 -vit
589 1606 721 1649 reos
740 1588 965 1651 Calices
983 1588 1221 1650 vidisse:
1254 1590 1461 1649 Romae
1486 1607 1700 1667 quoque
1715 1587 1931 1664 deqenti
1952 1587 2038 1644 iw-

493 1693 582 1743 ter
613 1686 837 1762 reliqua
874 1686 1287 1763 antiquitatum
1324 1693 1655 1745 ornamenta
1691 1683 1898 1741 oblatos
1924 1702 2037 1741 me-

490 1779 639 1837 mini
678 1778 894 1839 Calices
928 1781 1169 1849 vitreos,
1199 1780 1302 1857 qui
1337 1787 1718 1840 sacrosanctae
1744 1776 2036 1836 ΕιιοΙιαιί-

490 1873 631 1933 etiae
664 1875 798 1933 usui
822 1874 1106 1952 quondam
1134 1874 1286 1958 sacri
1312 1873 1765 1933 venditabantur.
1795 1870 1890 1930 An
1916 1889 2042 1929 cero

488 1986 673 2039 omnes
703 1967 947 2045 suet-int,
986 1967 1249 2026 continuo
1275 1956 1532 2026 dubitare
1560 1966 1748 2044 coepi,
1779 1973 1827 2023 et
1855 1964 2039 2024 adhuc

490 2062 796 2123 admodum
822 2063 1034 2121 (habito.
1067 2061 1112 2120 A
1147 2062 1437 2121 nonnullis
1490 2058 1894 2120 Cardinalibus
1920 2077 2042 2119 eam

496 2157 884 2235 quoqueinici
908 2157 1156 2235 qratiam
1182 2202 1199 2225 ,
1238 2156 1470 2224 uitales
1502 2153 1718 2215 Calices
1754 2154 1953 2212 vitreos
1978 2153 2043 2211 iu

494 2260 839 2330 conspectum
877 2270 1061 2310 meum
1078 2250 1502 2330 producerent:
1547 2248 1889 2315 commodum
1915 2265 2041 2306 vero

485 2347 757 2425 putabam
784 2393 800 2417 ,
842 2365 1024 2406 meum
1060 2346 1126 2405 de
1175 2347 1261 2405 hie
1287 2345 1571 2423 judicium
1610 2353 1742 2421 tune
1783 2343 2038 2420 temporie

492 2440 822 2519 suspendere
844 2486 861 2509 ,
900 2449 953 2499 et
987 2440 1386 2517 antiquitatem
1421 2438 1611 2518 fictam
1636 2446 1687 2496 et
1712 2435 2041 2495 ειίιιιιίαίαιιι

490 2533 795 2597 admirari.
857 2532 985 2593 Iloc
1035 2534 1155 2612 ipso
1206 2551 1396 2599 corum
1445 2531 1837 2610 possessoribus
1890 2529 2041 2588 nihil

489 2629 696 2707 γηίιιι,
736 2632 910 2706 neque
947 2628 1245 2705 antiquius
1276 2628 1523 2688 accidere
1563 2634 1756 2705 potest.
1790 2622 2036 2684 Homini

493 2720 639 2791 huic
664 2722 771 2802 qui
800 2723 1044 2784 demum
1073 2722 1298 2784 Calices
1323 2718 1763 2782 oblatifuerint
1787 2718 1851 2778 in
1868 2737 2038 2779 cons-

499 2822 771 2894 per-,tum
803 2815 982 2895 plane
1005 2815 1320 2877 nescimus.
1351 2813 1602 2893 Neque
1588 2832 1650 2872 ιιι
1686 2811 1859 2874 nobis
1886 2810 2036 2872 reci-

497 2908 731 2989 pimus,
762 2909 984 2971 vitreos
1008 2929 1218 2970 omnes
1239 2908 1502 2980 Calices,
1533 2926 1685 2987 quos
1714 2905 1815 2966 ille
1837 2904 2031 2977 vidit,

492 3002 731 3064 eosdem
757 3022 904 3075 esse,
933 3003 1040 3082 qui
1069 3002 1146 3067 ad
1174 3000 1611 3064 Eucharistiam
1638 3006 1779 3059 sunt
1805 2997 2040 3065 adhibi-

494 3095 560 3160 ti.
581 3098 844 3160 Pravum
863 3107 1067 3161 tamen
1086 3096 1442 3182 intelligitur
1454 3093 2036 3176 hominisingenium

491 3193 797 3256 abutentis
832 3212 1043 3255 eorum
1080 3193 1479 3275 benignitate,
1520 3190 1627 3272 qui
1655 3190 1876 3252 vitreos
1904 3188 2037 3250 illos

490 3286 716 3350 Calices
741 3288 796 3348 ei
826 3288 1114 3350 videndos
1140 3275 1590 3368 produxerunt,
1629 3285 1891 3365 satisque
1928 3304 2036 3364 ap-

490 3392 662 3463 paret
702 3382 988 3465 ambigua
1026 3382 1192 3445 illius
1221 3382 1451 3444 indoles
1485 3389 1546 3443 et
1583 3379 1872 3462 bilinguis
1908 3397 2040 3440 ora-

329 3536 449 3636 v:-
492 3475 611 3557 tio,
668 3497 826 3558 quae
850 3485 937 3539 «ει
984 3479 1115 3561 ejus
1162 3477 1383 3540 malam
1434 3476 1616 3538 fidem
1668 3474 2033 3547 ostendunt,

425 3568 915 3651 -declarantque
952 3570 1028 3631 *in
1076 3570 1410 3633 Catholicos
1447 3588 1629 3649 quam
1669 3567 1825 3630 male
1856 3566 2039 3628 suerit

400 3665 819 3751 [animatum
847 3659 985 3728 cum'
1012 3665 1360 3746 praesertim
1389 3664 1515 3745 ipse
1549 3682 1791 3744 quoque
1828 3669 2033 3740 putet,

314 3768 410 3825 *ιη’-
433 3797 447 3818 .
486 3758 554 3819 in
578 3760 763 3821 veteri
788 3758 1052 3821 Ecclesia
1073 3760 1296 3821 vitreos
1313 3757 1539 3820 Calices
1562 3776 1688 3818 esse
1709 3753 2032 3846 adhibitos,

491 3860 552 3913 et
587 3852 652 3913 in
688 3853 1051 3933 quibusdam
1091 3853 1234 3915 locis
1261 3872 1472 3914 eorum
1514 3871 1690 3912 usum
1727 3849 2038 3929 usquead

401 3955 447 4028 ’ζ
488 3947 686 4010 Caroli
715 3947 917 4029 Magni
955 3955 1211 4009 aetatem
1248 3967 1374 4009 esse
1411 3955 1708 4007 retentum
1736 3989 1753 4017 ,
1787 3941 1894 4004 etsi
1933 3942 2037 4003 Jo-

384 4069 410 4095 ιι
437 4087 443 4094 -
488 4055 677 4103 annes
710 4042 975 4123 Baptista
1002 4041 1270 4104 Casalius
1289 4040 1529 4103 nonnisi
1553 4040 1632 4101 ad
1658 4039 1719 4099 S.
1760 4035 2034 4118 Gregorii

487 4137 854 4212 Turonensis
891 4144 1159 4217 tempora
1202 4135 1571 4208 Christianos
1605 4131 1895 4216 ejusmodi
1931 4131 2038 4192 Ca-

487 4227 705 4290 licibus
731 4248 868 4291 usos
892 4249 1018 4291 esse
1043 4229 1381 4303 contendat,
1411 4228 1495 4289 De
1530 4227 1811 4289 Veteribus
1839 4223 2036 4285 Sacris

486 4321 949 4386 Christianorum
968 4324 1192 4385 Re'tibus
1220 4344 1343 4403 cap.
1379 4328 1472 4384 11.

601 4425 660 4480 7.
696 4419 846 4480 Cum
869 4437 1014 4479 vero
1035 4417 1367 4482 vitreorum
1394 4416 1660 4479 Calicum
1687 4423 1839 4478 esset
1863 4432 2029 4487 usus,

484 4509 553 4574 et'
581 4512 1024 4576 persecutiones
1065 4522 1522 4594 grassarentur,
1563 4530 1701 4573 suos
1738 4509 2035 4572 Ecclesiae

327 4627 371 4667 r.
483 4625 604 4667 non
627 4606 884 4668 defuisse
907 4606 1131 4668 Calices
1151 4627 1229 4668 ex
1249 4614 1497 4688 argento
1518 4614 1578 4667 et
1599 4625 1748 4668 auro
1774 4605 2033 4685 probant

354 4686 384 4737 '²-
482 4721 622 4764 eum
664 4703 812 4766 Acta
859 4700 1146 4783 Martyrii
1177 4701 1238 4762 S.
1285 4683 1629 4773 Laurentii,
1672 4699 1781 4780 qui
1825 4717 2033 4779 passus

477 4805 568 4858 est
591 4797 705 4858 sub
732 4795 1094 4858 Valeriano:
1130 4803 1258 4856 tum
1293 4779 1525 4856 nefaria
1560 4795 1690 4876 ejus
1723 4812 1879 4866 vox,
1920 4792 2029 4873 qui

480 4909 518 4952 a
542 4890 786 4955 Juliano
811 4891 1137 4972 Apostata'
1113 4909 1335 4971 jussus
1340 4888 1776 4950 Antiochenam
1802 4887 2029 4968 diripe-

478 5004 546 5046 re
574 4984 898 5047 Ecclesiam
916 5011 953 5058 ‚·
974 4983 1365 5064 deprehensis
1397 4982 1695 5065 argenteis
1732 4989 1793 5044 et
1830 4981 2030 5044 aureis

480 5078 781 5146 Calicibus
801 5125 818 5152 ,
875 5079 1036 5158 quod
1085 5085 1295 5139 narrat
1345 5077 1751 5139 Theodoretus
1803 5075 1919 5138 lib.
1966 5080 2022 5136 3.

478 5172 635 5235 Hist.
675 5173 897 5235 Eccles.
940 5191 1050 5252 cap
1086 5177 1146 5231 8.
1187 5170 1580 5234 exclamavit:
1610 5171 1722 5231 En
1763 5170 2032 5248 ejmutodi

476 5269 624 5329 vasis
650 5266 1044 5329 Pitinum
1071 5267 1452 5326 otinistratur.
1468 5267 1556 5327 Ea
1575 5265 1650 5328 de
1677 5285 1744 5338 re
1768 5261 2027 5326 adeundi

479 5360 655 5422 Card.
672 5363 987 5439 Bona-lter.
1008 5359 1075 5421 Li
1084 5359 1365 5440 turgicar.
1382 5359 1491 5421 lib.
1513 5365 1567 5420 1.
1586 5380 1696 5440 cap
1708 5365 1805 5420 25.
1823 5368 1884 5420 et
1897 5357 2035 5419 Bin-

478 5455 903 5536 gbamustom.
938 5459 993 5515 3.
1033 5452 1331 5533 Antiquit.
1364 5454 1698 5518 Ecclesiast.
1733 5472 1868 5535 pag.
1889 5456 2026 5514 241.

774 648 880 707 ictu
920 648 1096 707 ditius
1122 649 1224 725 qui
1268 645 1486 727 Corpus
1513 646 1743 709 Donnini
1781 650 2026 707 canistro
2081 657 2087 663 '

3440 499 3502 548 13

2257 654 2314 707 8.
2350 647 2634 724 Geminae
2659 646 2936 725 deinceps
2964 644 3328 725 pretiosique
3355 641 3546 721 lapilli
3575 641 3686 701 Ca-

2141 741 2356 802 licibus
2398 740 2821 801 Eucharisticis
2859 739 3108 812 intexti,
3156 734 3320 818 quod
3377 756 3499 797 non
3552 753 3758 814 pro-
3734 730 3774 756 '¹'

2142 836 2326 897 habat
2367 837 2440 907 ss.
2481 836 2740 896 :ioannes
2766 834 2925 915 Chry
2930 840 3221 894 sostomus
3256 832 3434 897 Hom.
3473 836 3569 891 60.
3614 831 3752 891 ad⁸

2139 930 2436 1011 Populum
2472 928 2946 1000 Antiochenam,
2978 929 3027 991 si
3064 928 3201 1007 quis
3234 925 3525 1009 ejusmodi
3561 945 3690 985 mu-

3728 658 4018 714 Caliceege-ni

3880 717 3962 756 ivn!
3965 722 4020 756 ιιῑ

3760 728 4020 837 ι”ὀιηω-

3731 836 3865 928 :tomo
3886 844 4020 928 ampli

3754 894 3930 986 ¹xu'l'u'tn
3886 894 4020 985 orma
4012 972 4022 980 .

2142 1040 2288 1088 nera
2309 1026 2583 1095 offerret,
2615 1023 2721 1103 qui
2749 1044 2824 1084 ex
2851 1023 3171 1084 viduarum
3200 1020 3689 1102 pupillorumque
3732 1015 3800 1043 ²⁸⁰·

2142 1120 2318 1183 bonis
2344 1140 2407 1181 se
2433 1119 2886 1205 locupletasset:
2920 1118 3051 1179 Non
3079 1119 3216 1179 satis
3245 1118 3399 1175 nobis
3429 1137 3536 1175 esse
3562 1116 3689 1174 exi-

2140 1213 2436 1275 etimamus
2462 1215 2538 1275 ad
2563 1216 2838 1282 salutem,
2867 1215 2921 1271 si
2949 1214 3131 1271 tietuis
3159 1222 3209 1272 et
3245 1213 3484 1292 pupillis
3524 1214 3688 1291 empi-

2145 1310 2276 1369 latis
2304 1328 2539 1369 aureum
2569 1308 2816 1369 Calicem
2842 1319 2893 1366 et
2918 1318 3253 1386 qemmatum
3291 1306 3524 1367 tilemae
3560 1307 3690 1387 offe-

2141 1424 2356 1463 ramus.
2394 1401 2706 1464 Prioribus
2733 1409 2932 1462 autem
2966 1400 3331 1480 temporibus
3374 1409 3499 1461 tuto
3535 1401 3693 1483 affir-

2142 1516 2309 1557 mare
2340 1515 2685 1576 possumu5‚
2710 1495 2900 1580 ⁸etiam
2940 1495 3199 1576 picturas
3239 1495 3539 1557 Calicibus
3575 1496 3692 1556 Eu-

2148 1590 2485 1653 charisticis
2526 1590 2748 1671 apponi
2786 1589 3191 1665 consuevisse,
3236 1592 3396 1671 quod
3432 1611 3507 1653 ex
3534 1592 3691 1653 'Ter-

2146 1686 2404 1749 tulliano
2458 1686 2761 1768 colligitur
2816 1685 2923 1746 lib.
2981 1687 3057 1747 de
3095 1685 3390 1747 Pudicitia
3437 1705 3566 1766 cap.
3626 1691 3687 1745 7.

2148 1781 2466 1843 Procedant
2492 1783 2645 1861 ipsae
2665 1783 2924 1861 picturae
2953 1779 3215 1841 Calicum
3256 1793 3561 1841 vestrorum
3586 1831 3599 1851 ,
3641 1785 3693 1841 si

2145 1877 2232 1936 cel
2262 1878 2327 1936 in
2352 1878 2473 1936 iilis
2496 1877 2798 1956 perlucebit
2826 1876 3214 1953 interpretatio
3238 1876 3463 1955 pecudis
3492 1876 3650 1935 itlius
3679 1924 3691 1943 ‚

2143 1979 2409 2029 utrumne
2439 1969 2806 2037 Christiano,
2835 1978 2912 2029 an
2938 1967 3185 2027 Ethnico
3212 1971 3485 2048 peccatori
3511 1971 3687 2028 conti-

2146 2074 2277 2124 met.
2309 2064 2389 2125 Et
2412 2083 2542 2142 cap.
2580 2068 2671 2123 10.
2706 2062 2780 2122 Si
2807 2064 2946 2141 forte
2973 2064 3422 2143 patrocinabitur
3450 2062 3685 2131 Pastor,

2145 2179 2307 2238 quem
2333 2162 2398 2219 in
2429 2158 2619 2219 Catiee
2646 2136 2944 2238 depinqitis
2969 2160 3381 2241 prostitutorem
3421 2169 3472 2215 et
3511 2161 3694 2237 ipsum

2145 2253 2449 2313 christiani
2469 2245 2880 2311 Sat-rumenti.-
2910 2270 3066 2330 quae
3105 2249 3400 2330 quidem
3384 2241 3592 2335 :unago
3619 2270 3691 2312 ex

2145 2344 2342 2428 Lucae
2367 2345 2695 2427 Evangelio
2716 2366 2845 2425 cap.
2884 2351 2953 2404 15
2977 2345 3031 2405 d
3019 2356 3284 2433 ρειιιιιριιι
3309 2353 3417 2416 est,
3442 2366 3694 2426 eamque

2144 2439 2365 2520 passim
2399 2440 2604 2502 videre
2625 2448 2713 2501 est
2741 2441 2805 2500 in
2831 2440 3135 2501 veteribus
3169 2439 3350 2501 sacris
3389 2442 3690 2501 Coemete-

2146 2532 2257 2593 riis
2283 2534 2443 2613 apud
2473 2533 2713 2594 Bosium
2747 2533 2806 2593 in
2837 2534 3161 2595 Coemeter.
3199 2555 3326 2620 cap.
3378 2540 3466 2593 ts.
3512 2542 3573 2595 et
3620 2536 3692 2595 A·

2146 2627 2461 2709 ringhium
2492 2628 2597 2690 lib.
2633 2634 2691 2689 2.
2727 2626 2950 2689 Romae
2976 2629 3413 2689 subterraneae
3447 2649 3555 2708 cap
3589 2634 3686 2689 20.

2270 2727 2326 2781 9.
2360 2722 2538 2796 Quod
2561 2741 2703 2783 vero
2730 2723 2807 2784 ad
2851 2723 3019 2785 varia
3064 2723 3328 2793 Calicum
3365 2745 3436 2805 g«
3441 2744 3584 2785 nera
3605 2732 3693 2785 at-

2146 2814 2339 2890 tinet,
2397 2816 2646 2897 quidam
2703 2829 2918 2890 erant,
2974 2817 3078 2898 qui
3137 2818 3419 2896 Baptismi
3471 2808 3757 2879 Calices‘*

2145 2909 2542 2985 dicebantur,
2599 2912 2821 2992 quibus
2872 2932 3039 2974 sacro
3068 2912 3455 2992 Baptismate
3499 2912 3691 2977 abluti

2144 3014 2278 3086 post
2301 3015 2605 3086 acceptam
2632 3007 3069 3083 Eucharistiam
3098 3008 3211 3068 sub
3251 3008 3443 3115 specie
3485 3006 3690 3087 panis,

2142 3100 2500 3182 sanguinem
2525 3100 2814 3176 bibebant
2848 3102 2961 3164 sub
3001 3102 3192 3184 specie
3232 3101 3380 3163 vini.
3425 3101 3688 3163 Ministe-

2145 3195 2327 3257 riales
2354 3195 2536 3257 etiam
2562 3207 2736 3258 erant
2760 3197 2983 3259 Calices
3001 3243 3016 3270 ‚
3048 3197 3152 3278 qui
3183 3197 3693 3270 communicandis

2144 3290 2259 3350 sub
2285 3288 2477 3370 speeie
2504 3289 2630 3350 vini
2671 3289 2977 3351 Fidelibus
3011 3291 3491 3354 adhibebantur:
3530 3293 3685 3372 ejus-

2146 3381 2307 3442 modi
2336 3382 2561 3444 Calices
2586 3382 2830 3456 semoti,
2862 3388 3176 3464 postquam
3204 3384 3403 3445 calicis
3428 3393 3689 3444 commn-

2144 3476 2249 3537 nio
2280 3477 2357 3538 ad
2385 3476 2546 3538 solos
2564 3477 2865 3540 contracta
2892 3478 3233 3539 Sacerdotes
3259 3487 3364 3540 est.
3397 3479 3689 3558 Georgius

2144 3571 2471 3632 Cassander
2510 3571 2572 3632 in
2602 3571 2796 3651 Opere
2835 3571 3136 3652 Liturgico
3176 3592 3303 3652 cap.
3339 3578 3434 3632 31.
3468 3573 3540 3633 de
3573 3573 3684 3633 hu-

2137 3666 2401 3748 jusmodi
2431 3665 2922 3727 ministerialibus
2949 3666 3247 3728 Calicibus
3273 3668 3456 3728 verba
3499 3667 3680 3738 facit,

2143 3778 2304 3847 quos
2319 3778 2391 3820 eo
2428 3758 2671 3820 nomine
2706 3759 3034 3839 appellatos
3068 3779 3193 3836 esse
3231 3758 3354 3833 ait,
3396 3763 3534 3839 qaia
3573 3759 3686 3819 non

2143 3854 2219 3914 ad
2243 3839 2602 3933 offerendum,
2626 3855 2718 3914 sed
2738 3855 2814 3915 ad
2833 3856 3272 3914 ministrandum
3287 3843 3494 3934 populo
3522 3853 3687 3915 Chri-

2141 3951 2218 4008 sti
2267 3946 2618 4027 Sanquinem
2667 3951 3079 4018 deserviebant,
3124 3950 3305 4029 idque
3350 3950 3564 4029 probat
3608 3969 3682 4010 ex

2141 4062 2213 4104 eo
2234 4088 2252 4115 ,
2284 4042 2489 4122 quod
2472 4062 2536 4103 ιιι
2563 4042 2912 4124 &Remigii
2954 4043 3085 4126 vita.
3117 4042 3337 4125 legitur
3376 4044 3455 4106 ab
3496 4043 3681 4105 Hinc-

2144 4156 2314 4199 maro
2339 4126 2690 4218 conscripta.

3737 2743 3839 2845 9121·
3788 2761 3863 2789 nra
3910 2747 4020 2790 Culi-

3814 2818 4018 2859 :gentem

3736 2861 3848 2903 Calie
3939 2867 4018 2905 Ba-

3737 2919 3791 2969 pt'
3784 2921 3874 2960 nemi
3897 2924 3996 2971 ,ac

3736 2974 3831 3018 lices
3895 2979 4019 3021 msa-

3735 3035 3831 3075 καὶ
3834 3032 3934 3079 ata.

2266 4236 2357 4291 10.
2401 4229 2791 4300 Mabillonius
2832 4240 2973 4292 tom.
3019 4237 3077 4292 2.
3132 4232 3321 4293 Musei
3375 4232 3563 4294 Italici
3615 4231 3680 4294 in
3765 4244 3805 4286 u·

2143 4325 2301 4387 notis
2342 4327 2416 4388 ad
2462 4327 2725 4406 primum
2765 4327 3053 4388 Ordinem
3100 4329 3437 4388 Romanum
3476 4334 3680 4406 putat,

2143 4420 2369 4482 Calices
2396 4421 2814 4482 Ministeriales
2841 4421 3021 4500 fuisse
3047 4421 3312 4504 Scyphos
3333 4419 3682 4500 appellatos3

2141 4533 2282 4586 nam
2310 4515 2387 4576 ad
2418 4515 2568 4576 illud
2596 4517 2852 4577 verbum
2883 4515 3092 4577 Calicis
3134 4516 3290 4577 lianc
3330 4516 3685 4595 interpreta-

2141 4608 2367 4671 tionem
2393 4610 2598 4672 addit:
2631 4612 2692 4670 id
2728 4621 2804 4670 est
2853 4609 3068 4686 Calices
3111 4612 3500 4671 ministeriales
3525 4658 3540 4680 ,
3583 4613 3685 4688 qui

2139 4705 2258 4764 alio
2285 4706 2504 4765 nomine
2533 4703 2751 4783 Scyphi
2776 4707 3180 4784 appellantur:
3208 4711 3269 4766 et
3295 4703 3358 4764 in
3400 4703 3566 4764 Notis
3604 4704 3680 4765 ad

2140 4796 2388 4858 tertium
2431 4797 2723 4859 Ordinem
2769 4800 3104 4858 Romanum
3144 4799 3221 4861 ad
3267 4819 3338 4860 ea
3386 4800 3571 4860 verba
3619 4802 3682 4857 in

2136 4891 2404 4968 majorem
2454 4889 2701 4950 Calicem
2743 4893 2856 4950 sice
2896 4890 3187 4970 Scyphum
3224 4892 3346 4953 ait:
3392 4883 3632 4971 Scipbus
3661 4941 3675 4958 ,

2136 4994 2239 5044 aut
2273 4981 2455 5044 Catia:
2480 4985 2888 5044 ministerialis.
2924 4984 3039 5046 Sed
3066 4985 3242 5046 aliter
3269 4984 3453 5046 sensit
3494 4985 3680 5044 Justi-

2135 5076 2357 5152 uianus
2403 5076 2786 5158 Chiapponus
2826 5069 3350 5142 Caeremoniarum
3399 5073 3683 5158 Magister

2137 5170 2252 5243 sub
2299 5169 2602 5232 Clemente
2633 5172 2753 5233 XI.
2809 5172 2963 5233 Nam
3012 5172 3076 5232 in
3131 5171 3555 5232 Dissertatione
3609 5171 3684 5231 de

2139 5259 2530 5327 Oblationum
2558 5265 2859 5348 Mysteriis
2884 5312 2901 5339 ,
2931 5285 3114 5346 quam
3142 5251 3330 5327 edidit
3357 5284 3492 5325 cum
3522 5264 3684 5325 Actis

2139 5359 2618 5422 Canonizationis
2652 5370 2912 5440 quatuor
2944 5360 3296 5421 Sanctorum
3327 5359 3439 5419 sub
3473 5358 3680 5419 eodem

2140 5452 2430 5515 Pontifice
2459 5473 2591 5535 pag.
2636 5458 2772 5515 287.
2819 5453 3166 5525 contendit,
3210 5450 3514 5534 Scyphum
3562 5470 3684 5511 non

3725 4302 3834 4359 phas
3861 4264 3977 4343 tue-3·
3971 4310 4004 4344 ι.
