4487 6316
1004 507 1039 558 2
1787 509 1876 563 nt?-
1913 507 2394 565 saeuosANC‘ro
2432 506 2651 570 MISSAE,
2690 506 3068 567 sacnti-'leto

499 685 646 724 emm.
663 691 712 724 ..
741 675 782 726 ι,
823 618 1115 714 celebrari
1137 654 1529 729 consuevisse3
1548 672 1624 716 ex
1641 651 1968 735 posteriore
1987 663 2189 714 autem
2211 653 2374 732 quis-
2422 648 2429 694 Ι
2479 652 2791 732 Episcopus
2826 672 2953 714 cam
2990 646 3347 730 Presbyter-‘0
3384 656 3438 709 ot
3463 641 3730 705 Diaconis
3764 648 4037 706 maserei:

501 739 654 800 Bpnd
689 741 787 784 (ἔοι.

500 797 709 868 φιλ,

830 934 1047 1005 Missae
1069 981 1088 1011 ,
1127 949 1187 999 et
1211 938 1384 1019 panis
1409 937 1853 1008 Eucharisticus
1889 937 2373 998 distribueretur.

830 1029 1060 1092 Verum
1114 1038 1245 1095 tuto
1296 1033 1357 1094 id
1387 1024 1682 1095 ¹affirmari
1727 1052 1848 1094 non
1898 1041 2088 1114 potest
2115 1051 2131 1092 ε
2182 1031 2382 1092 locum

832 1125 997 1191 enim
1025 1125 1198 1188 illum
1224 1147 1302 1189 ex
1326 1117 1702 1208 Epistola'ad
1728 1127 2069 1198 Corinthios
2094 1126 2386 1207 interpre-

836 1227 1042 1282 tantur
1087 1222 1224 1283 Viri
1266 1223 1646 1304 gravissimi,
1690 1231 1757 1285 ut
1802 1210 2096 1284 Corinthii
2142 1221 2382 1302 sequuti

830 1315 1180 1397 exemplum
1215 1317 1470 1392 Christi,
1517 1318 1623 1400 qui
1662 1319 1904 1379 Sacram
1932 1315 2384 1397 Eucharistiam

835 1418 972 1492 post
993 1432 1240 1475 coenam
1268 1412 1526 1476 instituit
1549 1420 1609 1474 et
1634 1403 1942 1474 distribuit
1967 1457 1983 1486 ‚
2017 1412 2185 1491 prius
2211 1406 2383 1491 dapi-

834 1506 949 1568 bus
975 1516 1354 1570 vescerentur
1375 1554 1394 1583 ,
1414 1526 1491 1570 ,ac
1526 1507 1742 1570 deinde
1768 1526 1984 1587 panem
2012 1505 2384 1572 Eucharisti-

835 1620 976 1662 cum
1001 1610 1325 1676 sumerent,
1346 1610 1527 1683 atque
1555 1603 1635 1664 ita
1662 1600 1877 1662 divites
1902 1600 2149 1681 opipare
2175 1599 2384 1680 epula-

837 1705 1048 1758 rentur
1069 1717 1085 1769 3
1125 1708 1333 1760 contra
1358 1696 1527 1779 egeni
1555 1705 1615 1759 et
1638 1709 1930 1778 paumrae
1955 1702 2062 1758 aut
2090 1694 2245 1756 nihil
2281 1704 2389 1759 aut

836 1791 1177 1870 pauxillum
1215 1793 1633 1867 comederen13
1673 1812 1748 1852 ex
1790 1809 1912 1871 quo
1959 1790 2223 1870 plurima
2263 1790 2387 1852 ori-

835 1894 1048 1948 rentur
1091 1886 1465 1949 incommoda
1501 1894 1560 1948 et
1584 1886 1897 1959 scandala,
1941 1904 2096 1965 quae
2135 1888 2387 1965 Aposto-

836 1977 965 2056 lum
991 1981 1067 2042 ad
1094 1964 1194 2061 eds
1220 1981 1523 2063 gravibus*
1547 1980 1749 2041 Verbis
1774 1979 2146 2061 castigandos
2189 1979 2389 2058 impu-

835 2064 1056 2146 lerunt.
1090 2066 1366 2138 Ceterum
1393 2096 1469 2137 ex
1496 2074 1764 2162 Apostoli
1791 2075 1992 2136 verbis
2019 2093 2138 2135 non
2168 2082 2257 2135 est
2282 2094 2389 2134 ex-

834 2167 1136 2250 ploratum
1163 2215 1180 2245 ,
1219 2170 1282 2232 id
1309 2169 1442 2231 fieri
1470 2169 1844 2232 consuevisse
1870 2168 1932 2230 in
1962 2168 2203 2248 templo.
2235 2169 2390 2230 Nam

833 2265 1018 2325 verba
1046 2263 1155 2326 illa
1177 2311 1193 2338 ‚
1239 2265 1553 2325 Ecclesiam
1580 2265 1688 2324 Dei
1714 2267 2062 2325 contemnitis
2087 2312 2102 2333 ‚
2142 2283 2270 2331 non¹
2304 2263 2391 2327 ita

831 2366 972 2419 sunt
1008 2358 1351 2439 accipien‘da
1378 2359 1549 2439 quasi
1579 2359 1825 2420 domum
1853 2356 2226 2441 significent,
2267 2377 2389 2439 quo

837 2450 1069 2515 Fideles
1102 2453 1530 2527 convenirent,
1572 2453 1676 2514 sed
1697 2500 1714 2527 ,
1753 2460 1825 2515 ut
1861 2452 2066 2534 plures
2092 2453 2389 2534 interpre-

833 2553 1038 2608 tantur
1056 2594 1072 2621 ,
1101 2559 1336 2610 coetum
1364 2547 1696 2620 Fidelium,
1726 2547 1831 2628 qui
1860 2547 2122 2609 Ecclesia
2151 2547 2259 2607 Dei
2289 2567 2390 2627 ap-

832 2642 1093 2724 pellatur
1126 2653 1187 2706 et
1221 2664 1403 2725 quem
1441 2664 1502 2705 se
1528 2644 1664 2705 cibo
1702 2643 1967 2724 vinoque
2004 2642 2387 2724 ingurgitan-

837 2741 923 2798 tes
948 2737 1404 2800 dedecorabant.
1438 2739 1594 2799 Vide
1618 2738 1853 2799 Estium
1888 2738 1953 2798 in
1981 2738 2383 2800 Commentar.

835 2832 912 2894 ad
940 2852 1068 2913 cap.
1107 2838 1199 2894 11.
1230 2833 1533 2912 Epistulae
1565 2838 1619 2892 1.
1652 2832 1728 2894 ad
1756 2832 2027 2894 Corinth.
2138 2852 2142 2856 *

508 2933 658 2999 Ρῆφί·
709 2937 795 2979 Be·
953 2932 1011 2989 b.
1037 2922 1460 3002 ‘Quamobrem
1487 2937 1557 2990 ut
1586 2928 1798 3009 'aliqua
1835 2928 1944 2989 lux
1979 2928 2264 3009 affulgeat
2285 2928 2389 2990 -lo-

504 2988 791 3094 232⁸,2ffi
828 3035 968 3083 cum
995 3021 1513 3105 investigantibus,
1544 3042 1666 3104 quo
1691 3022 1905 3104 primis
1933 3023 2231 3085 Ecclesiae
2260 3043 2390 3085 sae-

505 3112 620 3148 cuta
683 3117 792 3151 tem-

503 3160 622 3220 ptum
723 3167 794 3209 um
833 3115 984 3179 culis
1016 3116 1197 3179 Missa
1223 3116 1638 3179 celebrabatur
1661 3164 1676 3191 ,
1707 3116 2152 3180 Ecclesiasticae
2186 3117 2391 3179 Histo-

505 3195 649 3280 mpii
679 3226 797 3282 eupi-
837 3211 964 3274 riae
990 3212 1134 3274 libri
1162 3221 1302 3274 sunt
1330 3202 1589 3274 adeundi
1615 3235 1630 3286 3
1661 3213 1884 3293 quibus
1910 3213 2220 3287 docemur,
2265 3212 2391 3293 pri-

504 3290 797 3383 312&ss
835 3306 948 3367 mis
993 3305 1586 3369 Ecclesiaesaeculis
1628 3306 1957 3387 aliquando
1999 3308 2063 3367 in
2114 3308 2387 3388 templiS,

504 3389 709 3438 ¹¹''¹‘⁸‘¹·‘·
834 3399 1166 3481 aliquando
1205 3400 1384 3462 etiam
1405 3448 1421 3475 ,
1462 3421 1600 3463 cum
1646 3401 1707 3462 in
1739 3400 1813 3461 iis
1851 3400 2191 3462 celebrandi
2222 3401 2393 3480 copia

838 3497 960 3555 non
988 3503 1159 3568 esset,
1187 3502 1360 3557 extra
1385 3494 1620 3575 templa·
1635 3494 1852 3556 Missae
1879 3492 2241 3555 sacrificium
2269 3513 2395 3555 esse

836 3595 1145 3666 peractum
1172 3608 1188 3660 ;
1211 3596 1599 3650 constantem
1640 3596 1840 3650 tamen
1864 3633 1881 3660 ,
1929 3607 1999 3649 ac
2041 3594 2394 3667 perpetuam

837 3678 1022 3743 fuisse
1065 3681 1442 3763 disciplinam
1468 3729 1485 3756 ,
1531 3686 1602 3745 ‘ut
1631 3687 1771 3744 cun’t
1816 3680 2066 3744 facultas
2109 3680 2355 3742 daretur
2375 3727 2392 3755 ,

837 3794 1074 3857 semper
1096 3777 1161 3839 in
1190 3777 1425 3859 templis
1446 3777 1712 3857 locisque
1728 3778 1854 3838 Deo
1876 3775 2232 3838 consecratis
2258 3774 2400 3838 Mis-

839 3890 908 3934 sa
933 3872 1358 3935 celebraretur.

512 3982 558 4023 tn
577 3980 674 4043 ῑμε.
709 3984 794 4051 ις.
959 3974 1017 4028 5.
1051 3967 1160 4028 Vel
1187 3988 1224 4030 a
1250 3967 1463 4047 primis
1490 3955 1863 4029 Christianae
1890 3965 2218 4050 Religionis
2249 3973 2399 4027 tem-

509 4037 681 4139 ssffi‘i,
699 4054 798 4154 ff
837 4061 1088 4143 poribus
1116 4060 1178 4121 in
1205 4060 1440 4140 templis
1466 4060 1682 4121 Missae
1704 4059 2077 4124 Sacrificium
2094 4058 2233 4126 fieri
2263 4079 2403 4120 con-

512 4152 796 4255 ffffidffijz
835 4156 1097 4218 suevisse
1143 4155 1427 4240 diximus.
1480 4155 1634 4217 Nam
1674 4174 1927 4237 magnus
1978 4154 2275 4216 Baronius
2318 4155 2397 4216 a‘d

512 4273 595 4307 um
630 4282 717 4334 qm
750 4272 793 4312 aa
832 4270 1064 4313 annum
1091 4250 1232 4314 Chr.
1267 4256 1364 4312 57.
1398 4270 1567 4311 num.
1598 4256 1694 4310 98.
1727 4250 2081 4312 Sanctorum
2111 4248 2202 4309 Pii
2235 4249 2285 4309 1.
2341 4255 2402 4310 et

513 4325 690 4385 nuptu.
841 4345 1540 4409 Evaris'ti'Romanorum
1570 4343 1929 4405 Pontificum
1947 4389 1964 4417 ‚
1997 4351 2126 4404 tum
2153 4340 2400 4403 Eusebi}

843 4449 903 4502 et
945 4441 1181 4522 optati,
1231 4449 1414 4520 atque
1460 4439 1643 4500 etiam
1688 4437 1957 4518 ipsorum
2001 4436 2400 4526 Ethnicorum

845 4535 1198 4597 testimoniis
1220 4536 1455 4615 probat,
1474 4533 1536 4594 in
1562 4531 1705 4614 ipsis
1733 4529 2028 4592 Ecclesiae
2051 4529 2400 4611 primordiis

847 4630 1029 4692 fuisse
1055 4631 1277 4691 Romae
1307 4627 1494 4708 plura'
1512 4625 1732 4707 templa
1757 4668 1774 4686 .
1807 4625 1970 4686 Haec
1999 4625 2184 4692 modo
2201 4624 2401 4685 Domi-

513 4720 799 4790 v⁸'’³.⁸'‘¹¹’t>¹³
837 4727 1031 4785 nicam
1053 4771 1069 4795 ,
1103 4724 1279 4784 modo
1307 4723 1517 4782 Domus
1547 4714 1656 4781 Dei
1679 4770 1694 4791 ,
1726 4720 1905 4781 modo
1937 4717 2194 4780 Basilica
2221 4766 2237 4790 ,
2272 4719 2401 4779 mo·

515 4793 695 4822 ‘mm'
842 4803 926 4879 ¹do
952 4816 1236 4879 Memoria
1262 4865 1277 4887 ,
1323 4815 1499 4876 modo
1527 4814 1889 4896 Martyrium
1911 4862 1928 4886 ,
1959 4812 2136 4873 modo
2177 4812 2402 4872 Titulus

844 4910 1304 4991 appellabantur
1322 4955 1337 4970 .
1385 4909 1588 4971 Primo
1612 4908 1911 4970 Ecclesiae
1948 4906 2183 4969 saeculo
2222 4907 2401 4988 Igna-

847 5005 967 5067 tius
994 5006 1227 5087 Martyr
1252 5005 1579 5086 Episcopus
1601 5002 2007 5064 Antiochenus
2033 4998 2302 5081 Epistola
2324 4999 2401 5061 ad

848 5101 1185 5183 Magnesios
1227 5120 1327 5162 eos
1368 5100 1647 5161 hortatur
1670 5143 1685 5170 ,
1736 5104 1807 5158 ut
1845 5096 1910 5156 in
1957 5095 2153 5157 loc'um
2177 5141 2194 5166 ‚
2239 5093 2404 5175 quod

853 5198 1142 5278 Templum
1169 5197 1277 5256 Dei
1303 5194 1651 5276 nominatur
1672 5238 1689 5265 ,
1721 5188 2118 5263 conveniant3
2149 5196 2210 5250 et
2235 5188 2302 5250 in
2331 5188 2407 5248 E-

851 5291 1070 5376 pistola
1097 5292 1175 5353 ad
1203 5287 1648 5368 Philadelphios
1671 5333 1686 5360 ,
1722 5285 1854 5347 Una
1876 5333 1892 5356 ‚
1923 5283 2162 5364 inquit,
2191 5293 2271 5344 est
2307 5303 2405 5344 ca-

848 5410 914 5452 ro
939 5388 1172 5462 Dotnini
1196 5385 1376 5446 nostri
1399 5382 1537 5452 Jcsu
1568 5378 1786 5440 Christi
1803 5427 1818 5449 ,
1847 5388 1898 5438 et
1935 5398 2084 5437 unus
2124 5369 2407 5473 Caliae'ia

849 5486 1110 5546 tentionem
1140 5479 1452 5560 Sanquinis
1480 5477 1654 5557 ipsias
1681 5522 1694 5540 .
1725 5492 1902 5533 anum
1930 5473 2147 5541 altare,
2178 5480 2228 5532 et
2249 5471 2405 5531 ‘unus

826 744 992 826 piam
1019 764 1272 829 arguere
1298 756 1531 829 posset,
1556 748 1686 830 jam
1712 756 1857 823 tum
1875 747 2118 837 publica
2144 748 2377 809 extitis-
2479 748 2634 806 meis.
2662 747 2738 808 Et
2765 755 3045 826 vergente
3066 745 3129 805 in
3153 744 3336 806 finem
3359 743 3618 805 secundo
3636 746 3871 808 saeculo
3896 750 4036 812 scri·

827 857 893 900 se
934 840 1186 922 templa,
1226 842 1290 903 in
1332 844 1554 923 quibus
1587 850 1972 924 perageretur
2006 842 2380 904 Sacrificium
2476 839 2599 919 psit
2633 840 3042 901 Tertullianus
3065 839 3173 899 lib.
3230 840 3303 901 de
3326 839 3727 901 idololatria:
3771 841 3910 903 Tota
3945 846 4039 906 die

2485 936 2561 994 acl
2589 936 2732 995 hanc
2782 946 3000 1015 partem
3037 937 3190 993 zelus
3219 934 3379 994 Fidei
3399 938 3682 1015 perorabit
3719 940 3993 1016 inqemm
4020 986 4038 1010 ‚

2489 1028 2842 1090 Christianos
2888 1032 2959 1090 ab
3004 1029 3179 1089 Idolis
3224 1032 3302 1090 ad
3343 1030 3657 1106 Ecclesiam
3701 1033 3924 1117 pertire,
3974 1037 4043 1097 de

2485 1123 2813 1188 adico-saria
2856 1125 3076 1204 offici-na
3119 1126 3184 1183 in
3225 1122 3453 1185 domam
3496 1125 3609 1186 Dei
3631 1132 3946 1201 ,attollere
3967 1133 4044 1193 ad

2486 1217 2668 1279 Deum
2712 1218 2945 1280 Patrem
2970 1239 3170 1279 manus
3204 1232 3409 1281 matres
3435 1221 3741 1285 Idolorum.
3786 1223 3848 1286 Si
3893 1235 4040 1291 Vero

2484 1311 2603 1385 his,
2634 1320 2693 1374 et
2718 1312 2854 1374 aliis
2880 1313 3343 1394 quamplurimis
3361 1304 3644 1379 Veterum
3666 1319 4038 1401 Scriptorum

2486 1407 2794 1471 sententiis
2820 1427 2978 1487 quae
3004 1408 3178 1468 facile
3204 1410 3419 1471 adduci
3451 1421 3744 1491 poterant,
3761 1415 3921 1479 clar'e
3943 1418 4042 1480 de-

2487 1501 2727 1562 ducitur
2768 1501 2948 1565 etiam
2975 1522 3012 1564 a
3038 1502 3251 1582 primis
3287 1505 3537 1567 saeculis
3564 1508 3855 1572 Ecclesias
3887 1511 4041 1572 exti-

2491 1595 2661 1668 tisse,
2694 1596 2900 1657 nullus
2926 1596 3041 1658 erit
3074 1587 3272 1676 qmffl
3295 1598 3550 1662 dubium
3579 1621 3857 1666 revocare
3906 1625 4040 1686 pos-

2489 1691 2603 1766 sit,
2634 1691 2844 1753 Missas
2871 1690 3021 1773 inibi
3051 1692 3342 1762 celebrari
3368 1694 3590 1758 solitas.

2612 1792 2669 1847 6.
2705 1786 2982 1847 Diximus
3021 1787 3228 1849 itidem
3252 1837 3268 1862 ‚
3302 1790 3396 1851 vel
3425 1792 3502 1851 ab
3542 1791 3715 1854 initio
3755 1794 4044 1858 Christia-
4158 1815 4396 1859 saevum

2491 1901 2606 1945 nae
2645 1882 2975 1965 Religionis
3000 1929 3016 1955 ‚
3064 1882 3113 1943 si
3156 1884 3496 1946 celebrandi
3542 1886 3604 1946 in
3657 1889 3877 1968 templo
3922 1911 4045 1952 non
4082 1883 4387 1932 me'm

2493 1975 2739 2037 daretur
2777 1977 2947 2058 copia
2974 2023 2990 2049 ‚
3023 1977 3394 2040 Sacrificium
3436 1981 3652 2043 Missae
3688 1992 3859 2045 extra
3898 1993 4046 2046 tem·
4085 1930 4239 2043 iffi:
4298 1938 4396 2045 ἷξε

2493 2069 2661 2149 plum
2706 2090 2831 2131 esse
2874 2080 3202 2150 peractum.
3258 2072 3549 2135 Constans
3592 2075 3754 2136 enim
3804 2078 4046 2140 traditio
4084 2050 4379 2148 xime„
4305 2058 4396 2146 ’.οἵ

2493 2171 2614 2236 est,
2647 2165 2712 2224 B.
2752 2168 2985 2224 Petrum
3025 2167 3367 2242 ,tpostolum
3394 2187 3429 2228 a
3460 2168 3727 2231 Pudente
3762 2171 4049 2234 Senatore

2497 2259 2718 2320 Romae
2750 2262 2907 2319 thuni
2939 2282 3079 2320 suan
3109 2272 3580 2343 esse'exceplum
3604 2285 3621 2336 ς
3649 2283 3722 2326 eo
3758 2266 4046 2328 Christia-

2495 2373 2603 2415 nos
2627 2354 2700 2415 ad
2744 2377 2971 2415 sae-ram
3011 2356 3299 2437 synaxim
3334 2357 3725 2432 convenisse3
3764 2355 3898 2421 'eam
3930 2362 4049 2422 Pu-

2494 2448 2687 2511 dentis
2714 2455 2959 2511 domum
2982 2470 3127 2522 esse,
3151 2470 3306 2531 quae
3330 2472 3490 2513 nunc
3515 2452 3740 2514 dicitur·
3758 2455 4050 2535 templum

2494 2542 2553 2603 S.
2587 2543 3031 2616 Pudentianae;
3061 2552 3132 2605 ut
3157 2543 3362 2612 videre
3388 2554 3476 2607 est
3494 2547 3558 2606 in
3586 2546 3857 2608 Notis-ad
3884 2549 4049 2610 Mar·

2493 2638 2858 2720 tyrologium
2909 2640 3248 2699 Romanum
3302 2640 3546 2701 ·Bar0nii
3608 2641 3683 2702 ad
3730 2641 3888 2702 diem
3949 2647 4042 2705 19.

2494 2734 2659 2815 Maji.
2692 2733 3145 2795 Nobilissimum
3174 2729 3289 2795 fuit
3318 2734 3563 2798 ineunte
3590 2736 3809 2816 quarto
3844 2755 4051 2799 saecu-
4148 2781 4151 2784 -

2493 2825 2554 2887 lo
2580 2828 2640 2886 S.
2674 2826 2982 2888 Saturnini
3006 2835 3072 2899 vet
3099 2826 3408 2907 Sociorum
3440 2821 3806 2912 Martyrium
3826 2877 3841 2903 ,
3879 2828 4051 2913 cujus

2494 2923 2642 2985 Acta
2689 2921 2872 2983 refert
2914 2922 3287 2984 Ruinartius.
3335 2924 3405 2984 In
3448 2923 3546 2984 his
3573 2923 3880 3004 proditum
3922 2932 4049 2999 est,

2495 3017 2608 3076 sub
2657 3009 3025 3078 Diocletiano
3069 3024 3128 3077 et
3176 3015 3547 3078 Maximiano
3599 3017 3822 3097 templa
3868 3016 4050 3080 fuisse

2494 3098 2720 3183 eversa,
2751 3108 3003 3172 vetitum
3042 3126 3121 3170 ne
3146 3109 3303 3171 sacri
3350 3108 3803 3172 celebrarentur
3843 3110 3997 3173 ritus
4027 3131 4044 3173 t

2495 3225 2646 3267 neve
2687 3204 2878 3266 divini
2908 3204 3250 3283 Conventus
3271 3214 3611 3286 agerentur.
3644 3205 3926 3268 ‘Relatum
3961 3215 4052 3270 est

2494 3299 2560 3360 in
2588 3299 2795 3361 eadem
2825 3300 3002 3372 Acta,
3034 3298 3433 3360 Saturninum
3460 3300 3885 3381 Presbyterum
3910 3321 4049 3363 cum

2498 3393 2845 3455 Lectoribus
2892 3392 3218 3454 Saturnino
3255 3400 3317 3454 et
3351 3392 3764 3466 Pelice'ffliis,
3794 3392 4052 3475 aliisque

2497 3495 2721 3567 septem
2746 3495 2807 3548 et
2829 3485 3230 3568 quadraginta
3252 3484 3425 3547 sociis
3443 3532 3459 3559 ‚
3492 3485 3714 3549 frustra
3743 3485 4055 3551 Diocletia-

2500 3579 2562 3640 ni
2589 3579 2781 3641 edicto
2809 3578 3193 3652 reclamante,
3226 3579 3470 3642 Missam
3498 3579 4059 3643 celebrasset-Nam-

2501 3693 2606 3753 que
2633 3675 2697 3733 in
2728 3672 2973 3735 Civitate
3008 3674 3329 3738 Abitinemi
3353 3677 3418 3734 in
3446 3676 3604 3734 domo
3644 3672 3871 3736 Octavii
3903 3672 4054 3735 Feli-

2500 3768 2579 3827 αἶς
2603 3815 2619 3838 ,
2660 3776 2788 3828 cw'm
2826 3769 3023 3830 bellica
3057 3779 3277 3830 caneret
3326 3771 3461 3829 taba
3489 3816 3505 3839 ‚
3552 3768 3848 3830 Dontinica
3892 3771 4056 3849 siqua

2500 3864 2733 3942 alariosi
2776 3862 3070 3943 Martyres
3115 3873 3416 3925 eremorum
3441 3911 3457 3934 ‚
3496 3865 3682 3943 ibique
3719 3865 4062 3946 ‘celebrantes-

2504 3978 2578 4020 σω
2603 3978 2751 4019 more
2779 3957 3138 4019 Dominicum
3163 4006 3178 4028 ,
3208 3978 3246 4019 a
3276 3956 3542 4018 Coloniae
3568 3957 4009 4036 Maqistratibue
4035 4006 4052 4028 ,

2503 4063 2670 4132 atque
2715 4052 2933 4131 abipso
2958 4052 3136 4110 milite
3182 4052 3517 4110 stationario
3560 4042 4057 4129 apprehenduntur

2504 4146 2858 4225 Saturninus
2905 4132 3206 4224 Presbyter
3239 4163 3367 4203 cum
3410 4143 3547 4223 filiis
3584 4145 3829 4230 quatuor
3852 4190 3869 4214 ,
3918 4136 4057 4203 idest

2505 4240 2825 4304 Saturnino
2850 4240 3113 4319 juniore,
3153 4249 3203 4298 el
3242 4237 3422 4299 Felice
3449 4236 3769 4297 Lector-ibus
3793 4284 3809 4309 ,
3850 4236 4059 4299 Maria

2506 4336 2947 4401 Sanctimoaiali
2970 4381 2986 4405 ,
3026 4333 3333 4394 Hilariano
3376 4332 3612 4409 infante.

2623 4437 2683 4493 7.
2729 4429 3004 4492 Ostendit
3037 4426 3392 4489 Ruinartius
3415 4470 3431 4499 ,
3462 4412 3765 4485 celebrare
3790 4421 4053 4485 Domini·
4093 4464 4208 4521 Qua
4224 4467 4396 4511 med,

2504 4548 2629 4589 cum
2656 4521 2815 4586 idem
2842 4544 2986 4596 esse,
3019 4521 3361 4587 ac'Missam
3388 4517 3711 4580 celebrare.
3744 4518 3814 4578 ln
3842 4518 4055 4580 iisdem
4096 4520 4396 4624 &meet-e.

2505 4620 2666 4683 Actis
2692 4618 2951 4680 Thedica
2973 4618 3207 4698 Martyr
3234 4613 3299 4673 in
3328 4609 3639 4674 tormentis
3662 4610 3927 4674 confessa
3943 4620 4053 4686 est,
4097 4634 4270 4691 tea-m,
4322 4597 4396 4683 ‘2

2507 4713 2715 4794 inteqre
2748 4734 2801 4774 se
2826 4713 3117 4773 celebrasse
3147 4706 3450 4768 Collectam
3473 4751 3489 4774 ‚
3518 4704 3745 4782 quando
3767 4724 3896 4763 cum
3921 4706 4057 4785 ipsis
4096 4693 4395 4800 2:432*

2505 4811 2677 4869 etiam
2728 4805 3026 4883 Presbyter
3061 4801 3311 4878 suerat«¹
3340 4796 3624 4869 Dativus,
3676 4815 3813 4857 cum
3862 4797 3947 4857 ah
3988 4815 4061 4860 eo

2507 4908 2898 4982 quaereretur
2920 4943 2937 4971 ,
2966 4894 3129 4976 apud
3155 4880 3363 4955 eadem
3391 4894 3535 4953 Acta
3559 4936 3576 4964 ,
3611 4900 3808 4950 atrum
3832 4892 3897 4949 ia
3916 4890 4059 4952 Col-

2511 4999 2649 5058 lecta
2675 4995 2900 5073 suisset,
2918 4987 3237 5069 jmsponnit
3259 5034 3275 5061 ‚
3302 5006 3439 5060 cum
3462 4984 3756 5056 venisset,
3780 4985 3908 5066 jam
3934 5003 4062 5047 coe-

2506 5097 2673 5170 ptam
2700 5105 2826 5148 esse
2852 5067 3171 5146 collectam
3195 5126 3212 5155 ,
3252 5081 3355 5142 sed
3379 5079 3741 5138 Domiaicum
3776 5097 3906 5137 cum
3939 5078 4066 5158 [ra-

2511 5185 2689 5242 tribus
2725 5179 2972 5258 eonyrua
3007 5177 3286 5237 devotione
3319 5175 3632 5234 celebrasse.
3672 5170 3751 5232 Et
3785 5170 4063 5244 Saturni-f

2509 5273 2625 5337 nus
2666 5272 2974 5355 respondit
3020 5268 3408 5350 Proconsulit
3458 5265 3664 5328 Securi
3706 5265 4062 5327 Dominicam

2509 5371 2920 5431 celebravimus.
2953 5366 3267 5426 Proconsut
3288 5366 3376 5424 ait
3400 5381 3422 5421 .-
3453 5360 4014 5439 Quare?-Respondit
4038 5380 4067 5419 .··

2510 5466 2649 5543 qaia
2675 5483 2783 5522 non
2812 5470 2981 5541 potest
3013 5459 3314 5573 intermitti
3340 5455 3716 5517 Dominicum.
3734 5453 3942 5516 Verba
3960 5453 4065 5526 illa
