4487 6316
144 3393 244 3433 Post
254 3390 342 3430 En
319 3401 446 3442 ange·

143 3448 252 3491 lium
340 3443 396 3487 ol
402 3459 443 3486 ιιι

144 3509 343 3547 §tin-sier
373 3502 442 3542 d·-

142 3561 294 3605 erlntz
353 3563 444 3601 Deo

141 3619 315 3679 φαίη.

1829 491 2394 552 nun...um

3459 485 3529 536 ⁸7

509 644 717 709 stolica
742 665 869 710 esse
896 646 1260 725 profectam·
1307 664 1415 708 nec
1441 664 1585 708 vero
1620 641 1748 706 ulla
1787 641 2059 722 Liturgia
2164 639 2331 717 quasi
2357 638 2581 708 dicant,
2612 636 2789 716 saciat
2821 652 2921 694 nos
2949 631 3099 693 Deus
3121 646 3478 712 perseverare
3516 629 3580 688 in
3609 628 3707 688 do-

507 752 678 806 vetus
700 752 830 817 est,
859 764 1015 832 quae
1053 741 1364 823 Evangelii
1394 742 1705 803 lectionem
1736 758 1853 800 nou
1883 758 2057 819 prae-

508 838 722 918 cipiat,
752 850 828 914 ut
841 840 1181 902 observavit
1205 840 1287 899 Le
1307 839 1469 898 Brun
1494 846 1635 897 tom.
1670 841 1722 895 1.
1751 853 1886 914 pag.
1911 835 2051 893 214.

505 934 599 995 Ex
637 936 903 1015 Epistola
943 934 1215 1016 Gregorii
1241 923 1446 1013 Magni
1477 930 1554 992 ad
1579 932 1871 992 loannem
1909 928 2054 1006 Epi-

505 1049 748 1109 scopum
769 1031 1234 1114 Syracusanum,
1258 1029 1361 1090 ubi
1387 1029 1447 1088 S.
1476 1023 1751 1087 Pontifex
1772 1025 1878 1095 ait,
1895 1024 2053 1103 Apo-

505 1126 795 1188 stolorum
819 1127 998 1189 fuisse
1016 1124 1362 1189 consuetudi
1371 1143 1507 1186 nem
1531 1168 1547 1195 ‚
1590 1130 1659 1184 ut
1680 1121 1836 1183 dicta
1859 1120 2053 1180 selum

501 1219 788 1282 Oratione
835 1222 1234 1295 Dominieali,
1284 1220 1558 1282 Hostiam
1601 1224 2050 1290 consecrarent,

497 1317 693 1377 arcuit
714 1318 1029 1379 Morinus
1014 1338 1075 1378 in
1097 1338 1155 1426 p.
1187 1322 1244 1378 3.
1270 1316 1514 1379 exercit.
1541 1319 1598 1374 9.
1625 1333 1754 1392 cap.
1786 1317 1839 1373 1.
1870 1332 1931 1371 n.
1954 1316 2047 1371 12.

496 1406 606 1489 per
644 1411 862 1472 multos
899 1431 1089 1472 annos
1110 1411 1171 1471 in
1203 1410 1380 1471 Missa
1409 1407 1807 1492 Evangelium
1831 1405 2051 1466 lectum

498 1521 618 1564 non
640 1502 840 1566 fuisse.
868 1506 1098 1565 Verum
1126 1503 1462 1566 Cardinalis
1489 1499 1653 1562 Bona
1679 1502 1815 1561 Rer.
1849 1497 2051 1559 Litur-

499 1597 613 1679 gic.
642 1597 684 1659 l.
710 1603 768 1658 2.
792 1599 921 1679 cap.
957 1605 1016 1660 7.
1045 1600 1253 1679 pulcre
1274 1597 1334 1659 S.
1361 1595 1633 1678 Gregorii
1657 1594 1841 1655 verba
1865 1593 2051 1654 inter-

497 1699 812 1771 pretatur,
833 1700 904 1754 ut
923 1691 983 1753 S.
1011 1691 1291 1754 Pontifex
1316 1698 1549 1771 tempus
1571 1687 1724 1750 illud
1752 1686 2049 1768 intellige-

496 1802 564 1844 re
583 1784 881 1858 voluerit,
911 1806 1047 1847 cum
1070 1786 1160 1846 Ex
1162 1785 1466 1868 angelium
1510 1782 1779 1844 nondum
1799 1788 1930 1842 erat
1949 1781 2051 1841 lit-

496 1876 639 1938 teris
658 1879 1157 1940 commendatum.
1185 1878 1253 1938 Id
1284 1881 1431 1938 enim
1452 1879 1676 1937 omnino
1698 1876 1761 1934 de
1783 1877 1919 1934 illis
1940 1894 2048 1935 an-

495 1975 585 2032 nis
605 1974 854 2053 intelliyi
873 1975 1063 2043 debet,
1093 1994 1220 2033 cum
1241 1974 1622 2050 Evanqelium
1642 1971 1889 2029 nondum
1926 1977 2049 2029 erat

492 2069 786 2143 seriptum:
818 2069 1074 2146 alioquin
1094 2068 1373 2128 mendacii
1390 2076 1763 2143 arquerentur
1797 2061 2046 2125 Clemens

493 2170 543 2220 et
574 2159 784 2238 Papias
803 2149 1195 2240 Apostolorum
1213 2163 1430 2222 saeculo
1450 2162 1704 2241 prosrimi
1727 2207 1743 2230 ‚
1791 2161 1893 2236 qui
1919 2206 1934 2229 ,
1978 2167 2044 2217 ut

491 2253 747 2312 diximus
774 2302 788 2323 ‚
830 2254 1096 2332 referente
1137 2254 1380 2314 Eusebio
1408 2255 1594 2314 testati
1610 2262 1743 2312 sunt
1778 2252 2040 2329 Evanqe-

491 2349 634 2407 lium
672 2347 869 2409 Marci
889 2369 926 2409 a
956 2347 1223 2428 Principe
1248 2347 1643 2427 Apostolorum
1672 2348 2043 2426 approbatum

482 2444 703 2522 publice
744 2445 810 2502 in
852 2442 1103 2504 Ecclesia
1133 2445 1332 2503 lectum
1371 2443 1540 2520 fuisse
1568 2490 1582 2511 ,
1617 2441 1764 2520 quod
1803 2442 1868 2501 de
1906 2443 2040 2502 aliis

489 2553 703 2614 quoque
724 2556 760 2596 a
782 2534 1079 2598 Matthaeo
1097 2583 1112 2606 ,
1142 2534 1321 2607 Luca,
1348 2547 1400 2596 et
1427 2535 1648 2596 Joanne
1667 2537 1888 2614 scriptis
1910 2553 2040 2594 con-

489 2631 675 2705 tiqisse
717 2648 832 2687 non
874 2629 1066 2688 dubito
1086 2651 1109 2696 ,·
1151 2637 1212 2691 et
1244 2628 1417 2690 Pater
1450 2629 1653 2708 Lupus
1692 2634 1834 2688 tom.
1871 2632 1928 2687 5.
1964 2625 2041 2688 ad

483 2721 751 2783 Concilia
791 2721 1111 2785 Generalia
1144 2725 1207 2785 et
1253 2721 1653 2784 provincialia
1707 2742 1843 2802 pag.
1899 2726 2034 2783 376.

487 2815 720 2896 primae
746 2807 1026 2877 editionis
1051 2861 1069 2890 ,
1100 2824 1418 2897 postquam
1448 2823 1676 2878 veteroe
1707 2815 2042 2896 primorum

488 2908 736 2969 Patrum
781 2907 987 2969 attulit
1015 2910 1395 2971 auctoritates
1424 2909 1499 2970 de
1528 2908 1709 2970 Missa
1733 2953 1750 2981 ,
1799 2907 1864 2968 in
1894 2907 2042 2970 haec

484 3001 671 3065 verbs
699 3000 1001 3062 concludit
1026 3021 1040 3061 t
1068 3000 1214 3062 Item
1246 3004 1417 3080 liquet
1444 3050 1459 3073 ,
1490 3022 1576 3062 eos
1601 3050 1616 3073 ,
1650 3003 1753 3081 qui
1780 3023 1819 3063 a
1841 3001 2040 3061 Domi-

482 3097 675 3154 nicum
694 3093 918 3174 ‘Corpus
946 3097 1388 3156 consecrantibus
1408 3094 1689 3177 Apostolis
1712 3097 2042 3156 existimant

482 3189 651 3267 fuisse
671 3190 1183 3251 adhibitam‘solam
1200 3189 1556 3251 Donninieam
1569 3187 1920 3261 Orationem
1942 3191 2037 3249 in-

485 3286 720 3362 siqniter
749 3285 887 3344 labi.

603 3382 661 3437 6.
697 3378 838 3438 Post
873 3372 1294 3439 salutationem
1323 3376 1401 3441 ad
1430 3377 1722 3458 populum
1762 3376 2037 3437 Dominus

482 3472 756 3531 vobiscum
782 3519 797 3542 ,
831 3471 1042 3552 incipit
1068 3472 1465 3554 Evangelium
1494 3492 1603 3552 per
1628 3472 1883 3534 verbum
1908 3471 2034 3532 Ini-

488 3567 660 3635 tium,
694 3564 743 3626 si
791 3564 1154 3645 principium
1184 3565 1419 3647 legatur
1462 3564 1716 3647 alicujus
1759 3585 1833 3629 ex
1879 3584 2032 3645 qua·

486 3666 623 3719 tuor
651 3659 1029 3738 Evangeliis}
1061 3666 1168 3719 aut
1206 3679 1316 3739 per
1358 3659 1542 3720 verba
1589 3658 1695 3719 illa
1726 3657 2034 3737 Sequentia

483 3751 689 3813 Sancti
716 3742 1023 3831 Erangjelii
1039 3801 1054 3823 ,
1084 3752 1134 3814 si
1178 3752 1339 3833 quod
1368 3752 1685 3834 legendum
1716 3760 1833 3826 est,
1864 3772 2029 3814 sum-

480 3856 651 3929 ptum
679 3847 755 3907 sit
782 3866 817 3909 e
844 3866 1092 3927 corpore
1116 3847 1558 3927 quedammodo
1584 3846 1916 3928 Evangelii.
1954 3849 2026 3910 In

483 3942 696 4003 diebus
732 3941 978 4022 Majoris
1020 3941 1448 4004 Hebdomadae
1490 3962 1627 4004 cum
1673 3941 1892 4022 legitur
1930 3941 2027 4003 hi·

480 4034 665 4097 storia
696 4034 990 4096 Passionis
1019 4035 1294 4110 Domini,
1326 4036 1515 4098 unica
1533 4043 1767 4098 tantum
1799 4035 2026 4097 formu-

483 4127 542 4190 la
568 4129 834 4210 subjecto
869 4128 1195 4210 Religionis
1229 4138 1464 4193 nostrae
1491 4130 2026 4193 accommodatissi-

482 4242 582 4284 ma
630 4222 951 4283 nunciatur
992 4222 1216 4302 populo
1268 4223 1383 4305 legi
1416 4224 1742 4309 historiam
1771 4225 1847 4287 de
1892 4245 2027 4305 pas-

481 4316 648 4377 sione
666 4316 888 4378 Christi
910 4316 1185 4389 Domini,
1221 4316 1420 4379 Passio
1442 4318 1672 4381 Domini
1691 4322 1872 4380 nostri
1890 4318 2030 4380 Jesu

481 4409 718 4471 Clwisti.
747 4410 1046 4471 Sacerdoti
1075 4410 1326 4485 dicenti,
1357 4411 1596 4471 Initium
1623 4412 1749 4475 sive
1778 4411 2028 4492 Sequen-

483 4507 565 4565 tia
596 4503 800 4565 Sancti
839 4504 1174 4583 Ecanqelii,
1208 4506 1525 4585 respondet
1552 4505 1854 4579 Minister,
1887 4505 2027 4568 Glo-

483 4601 577 4659 ria
622 4601 724 4658 tibi
752 4598 1020 4670 Domine,
1063 4607 1124 4661 et
1166 4598 1243 4661 ad
1285 4597 1468 4659 finem
1514 4599 1824 4681 Evangelii
1868 4601 2024 4662 idem

480 4693 753 4755 Minister
781 4693 955 4765 dicit,
994 4692 1147 4754 Laus
1200 4696 1304 4753 tibi
1334 4693 1587 4762 Christe,·
1638 4712 1794 4774 quae
1837 4696 2023 4756 verba

480 4788 840 4849 omittuntur
863 4788 1038 4860 Feria
1059 4788 1209 4848 6..in
1231 4789 1584 4861 Parasceve3
1610 4796 1843 4869 tempus
1862 4788 2025 4850 enim

482 4882 634 4943 illud
659 4890 747 4943 est
763 4928 779 4953 ,
813 4902 949 4942 cum
970 4882 1241 4943 Christus
1258 4883 1428 4943 Jesus
1459 4881 1835 4962 improperiis
1861 4891 2023 4943 satu-

482 4985 647 5037 ratus
676 4986 764 5037 est
791 4984 851 5036 et
870 4976 1228 5056 opprobriis.
1255 4975 1418 5059 Olim
1448 4976 1522 5038 ad
1546 4975 1729 5037 finem
1751 4978 2024 5057 Evange-

479 5068 547 5131 lii
579 5070 888 5132 dicebatur
911 5070 1124 5138 Amen:
1153 5070 1315 5149 quod
1347 5077 1619 5132 servatur
1650 5070 1713 5131 in
1743 5070 1866 5131 ritu
1894 5071 2025 5131 Mo-

480 5164 718 5224 zarabo.
754 5163 894 5229 Fuit
919 5182 1055 5223 cum
1085 5161 1416 5236 dicebatur,
1448 5163 1564 5223 Deo
1588 5165 1826 5242 qratias.
1854 5163 2028 5225 Nunc

479 5277 625 5319 vero
652 5256 902 5329 dicitur,
930 5255 1083 5318 Laus
1108 5258 1212 5316 tibi
1236 5255 1455 5317 Christe
1474 5305 1488 5327 ,
1516 5265 1584 5318 ut
1612 5257 1815 5318 videre
1845 5264 1933 5318 eet
1963 5257 2024 5318 in

2162 735 2352 793 ctrina
2392 731 2715 808 Ezanqelii.
2760 728 2890 788 Alii
2926 728 3152 794 dicunt,
3202 724 3327 784 Deo
3374 721 3597 803 gratias
3645 723 3710 781 in

2160 828 2483 903 qratiam-m
2512 827 2784 885 actionem
2803 841 2909 902 pro
2939 819 3192 900 beneficio
3222 826 3410 877 tantae
3430 816 3714 876 doctrinae

2160 930 2211 980 et
2243 931 2358 981 tam
2395 920 2688 980 salutaris.
2725 916 2896 979 Nune
2923 916 3190 997 dicimus,
3217 909 3370 972 Laus
3399 910 3502 969 tibi
3533 906 3582 970 C
3583 908 3708 968 hri-

2158 1025 2258 1073 ste.
2306 1012 2535 1075 Deinde
2570 1010 2810 1094 subjicit
2845 1007 3162 1071 Sacerdos:
3205 1004 3320 1066 Per
3359 1004 3708 1082 Evanqelica

2158 1109 2310 1170 dicta
2333 1110 2624 1168 deleantur
2645 1118 2836 1167 nostra
2865 1106 3068 1165 delicta
3095 1099 3173 1163 ad
3199 1119 3356 1181 quae
3381 1099 3568 1161 verba
3594 1117 3705 1160 no·

2159 1209 2248 1264 tat
2275 1203 2358 1264 Le
2387 1203 2552 1263 Brun
2577 1210 2726 1262 tom.
2781 1204 2835 1260 1.
2882 1218 3018 1279 pag.
3064 1199 3200 1257 240.
3235 1193 3342 1256 etsi
3373 1191 3710 1275 generatim

2159 1299 2429 1358 delictum
2478 1302 2784 1377 peccatum
2834 1291 3156 1375 significet,
3189 1298 3387 1353 tamen
3428 1309 3566 1350 cum
3592 1288 3706 1350 Ec-

2155 1391 2338 1453 clesia
2377 1411 2496 1451 non
2555 1389 2835 1470 proponit
2895 1385 3299 1450 poenitentiae
3356 1383 3705 1444 Sacramen-

2160 1492 2320 1558 tum,
2357 1494 2483 1547 tum
2512 1504 2715 1547 vocem
2765 1482 2932 1544 illam
2969 1482 3062 1566 Jta
3104 1500 3229 1541 esse
3266 1477 3700 1558 recipiendam,

2155 1587 2227 1642 ut
2258 1580 2451 1642 levem
2479 1586 2541 1641 et
2569 1578 2864 1641 venialem
2895 1575 3090 1637 solum
3118 1572 3355 1654 culpam
3385 1570 3697 1653 significet.

2274 1682 2334 1738 7.
2372 1678 2445 1737 Ιιι
2478 1695 2643 1737 more
2684 1674 2943 1755 positum
2978 1678 3108 1733 erat
3157 1668 3318 1750 apud
3354 1668 3661 1729 Hebraeos
3681 1712 3697 1739 ,
3743 1708 3843 1749 „m
3896 1707 3980 1747 2
3958 1721 4032 1748 F

2158 1778 2229 1832 ut
2265 1778 2399 1850 post
2428 1770 2741 1831 lectionem
2774 1767 2922 1848 legis
2957 1775 3018 1827 et
3051 1763 3485 1844 Prophetarum
3511 1781 3706 1824 sermo
3745 1762 3839 1820 s==¹¹¹
3868 1762 4031 1863 hegio-

2155 1861 2486 1925 haberetur
2514 1862 2592 1925 ad
2621 1862 2942 1942 populum3
2971 1858 3364 1939 quamobrem
3398 1865 3609 1917 narrat
3640 1855 3700 1916 S.
3746 1877 3822 1921 su.
3748 1835 3840 1862 ⁰¹⁰
3754 1835 4032 1978 ω”ἷ-αῗιζ

2153 1958 2346 2018 Lucas
2362 1976 2492 2036 cap.
2521 1960 2578 2017 4.
2612 1955 2913 2017 Christum
2930 1954 3134 2014 lesum
3151 1951 3413 2013 Sabbato
3434 1948 3868 2030 ιῙιιοιίιιιιι’““”ο
3740 1994 3862 2034 „om
3866 1992 3918 2033 ‚a
3957 1950 4032 2034 ζ’·

2153 2051 2218 2111 in
2247 2049 2666 2133 synagogam
2650 2069 2981 2131 ingressum
3005 2046 3213 2129 legisse
3245 2045 3461 2107 Isaiam
3484 2051 3544 2105 et
3574 2063 3699 2105 ser·
3738 2048 3908 2091 heb-tur
3979 2049 4030 2093 od

2153 2145 2721 2226 monem‘habuissc.
2754 2144 2872 2205 Et
2856 2164 2920 2204 ιιι
2936 2142 3096 2204 Actis
3123 2140 3541 2222 Apostolorum
3563 2106 4027 2221 cap.s¹‹'1‘.’,¹.’.'¹.¹⁰'3.{.-

2154 2245 2250 2302 13.
2282 2239 2526 2313 Paulus,
2552 2246 2612 2300 et
2634 2239 2941 2300 Barnabas
2962 2245 3094 2318 post
3111 2235 3421 2297 lectionem
3443 2253 3481 2296 a
3503 2233 3759 2320 Syna·
3736 2230 3828 2264 '⁸⁸⁰
3759 2235 4028 2323 ἔσωζε·-

2143 2354 2333 2419 gogae
2353 2333 2733 2414 Principibus
2756 2341 2897 2395 sunt
2917 2331 3153 2394 invitati
3179 2376 3195 2404 ‚
3215 2339 3284 2393 ut
3305 2330 3382 2392 ad
3403 2332 3694 2413 populum
3732 2290 3847 2378 ¹⁸:¹¹·-

2146 2430 2336 2492 verba
2358 2428 2643 2491 facerent.
2673 2429 2745 2488 ln
2763 2428 2795 2486 J
2799 2426 2983 2488 ustini
3011 2423 3298 2508 Martyris
3310 2425 3600 2508 Apologia
3619 2447 3706 2489 se-

2146 2523 2378 2596 cunda,
2409 2531 2470 2584 et
2494 2521 2602 2592 lib.
2632 2527 2690 2582 8.
2730 2519 3045 2582 Constitut.
3071 2518 3559 2600 ,Apostolicarum
3589 2538 3698 2600 ap-

2154 2623 2365 2696 paret,
2396 2614 2730 2678 Homiliam
2749 2660 2767 2689 ,
2796 2633 2901 2675 seu
2928 2607 3276 2674 Sermonem
3302 2612 3379 2673 ad
3411 2612 3702 2693 populum

2149 2716 2286 2790 post
2313 2709 2531 2772 lectum
2553 2708 2949 2790 Evangelium
2966 2705 3179 2768 baberi
3209 2706 3601 2768 consuevisse.
3625 2707 3704 2769 Et

2147 2803 2487 2887 Cyprianus
2506 2804 2569 2864 in
2592 2804 2716 2865 vita
2729 2802 2928 2885 Sancti
2941 2801 3163 2863 Cesarii
3188 2799 3549 2862 Arelatensis
3563 2821 3693 2887 cap.

2152 2902 2246 2959 14.
2293 2905 2533 2970 narrat,
2559 2916 2622 2959 se
2650 2896 2866 2978 jubere
2899 2893 3143 2956 solitum
3172 2892 3467 2955 Ecclesiae
3499 2902 3702 2974 portas

2148 2991 2380 3053 occludi
2409 3013 2427 3065 ;
2454 3011 2531 3052 ne
2555 2991 2876 3072 quisquam
2904 2989 2982 3050 ab
3011 2987 3311 3050 audiendo
3337 3007 3610 3052 sermone
3640 3008 3705 3052 se

2146 3086 2521 3147 subduceret.
2555 3087 2689 3147 Duo
2716 3083 2791 3146 de
2809 3083 3006 3146 Sacris
3026 3081 3425 3144 Concionibus
3455 3102 3695 3166 compo-

2145 3180 2268 3242 suit
2289 3180 2600 3243 volumina
2613 3177 2949 3251 FerrariuS,
2973 3177 3196 3258 quibus
3210 3185 3394 3239 totam
3416 3198 3544 3240 rem
3555 3198 3708 3240 eru-⁷

2145 3272 2206 3335 di
2215 3273 2436 3336 tissime
2446 3272 2849 3355 pertractavit.
2866 3273 3108 3335 Praeter
3120 3290 3454 3333 sermonem
3467 3272 3696 3337 monita

2144 3369 2446 3447 quaedam
2476 3367 2659 3430 etiam
2696 3367 2918 3448 populo
2949 3366 3392 3428 exhibebantur
3413 3411 3429 3439 ‚
3459 3365 3534 3427 de
3561 3366 3694 3446 qui-

2140 3462 2260 3523 bus
2278 3463 2550 3545 loquitur
2571 3462 2905 3524 Concilium
2924 3459 3352 3523 Aurelianense
3376 3460 3536 3540 apud
3562 3461 3692 3527 {vo-

2161 3578 2442 3641 nempar.
2476 3565 2536 3620 2.
2568 3559 2797 3621 Decreti
2826 3577 2956 3638 cap.
2994 3561 3126 3617 120.
3172 3555 3247 3617 Ut
3278 3557 3340 3615 in
3361 3556 3547 3617 diebus
3575 3555 3692 3617 Do-

2135 3656 2358 3715 minicis
2378 3664 2430 3715 et
2450 3653 2623 3714 Festis
2626 3662 2751 3733 post
2772 3670 3071 3712 sermonem
3088 3652 3248 3710 intra
3267 3647 3585 3710 Missurum
3602 3671 3692 3712 so-

2142 3751 2350 3811 lemnia
2374 3750 2670 3817 habitum,
2702 3747 2914 3827 plebem
2946 3744 3217 3806 Sacerdos
3247 3745 3580 3816 admoneat,
3626 3756 3693 3807 ut

2125 3844 2311 3922 juxta
2330 3841 2707 3922 Apostolicam
2725 3839 3140 3900 Institutionem
3159 3857 3340 3897 omnes
3361 3839 3425 3897 in
3444 3843 3689 3900 eommu-

2134 3958 2203 3999 ne
2214 3956 2318 4017 pro
2339 3938 2568 4007 diversis
2589 3935 2998 3995 necessitatibus
3013 3944 3197 4012 preces
3208 3932 3450 4009 fundant
3471 3934 3548 3995 acl
3565 3920 3684 3994 Do-

2131 4035 2352 4093 minum
2365 4051 2472 4113 pro
2491 4030 2658 4109 Reqe,
2679 4039 2729 4089 et
2749 4028 3043 4108 Episcopis
3063 4038 3113 4087 et
3135 4026 3457 4088 Rectoribus
3483 4028 3683 4091 Eccle-

2132 4129 2352 4192 siarum
2377 4174 2393 4197 ‚
2426 4145 2528 4205 pro
2548 4144 2679 4204 pace
2702 4172 2719 4196 ,
2744 4142 2851 4204 pro
2866 4132 3013 4203 peste
3037 4170 3054 4194 ,
3079 4141 3186 4203 pro
3206 4122 3469 4204 infirmis,
3497 4126 3601 4202 qui
3618 4126 3684 4187 in
3779 4174 3786 4177 .

2132 4222 2258 4301 ipsa
2281 4219 2565 4282 Parochia
2589 4220 2721 4279 lecto
2741 4218 3067 4278 decumbunt
3093 4265 3111 4287 ,
3136 4236 3243 4296 pro
3282 4237 3460 4296 nuper
3480 4218 3680 4297 desun-

2132 4317 2236 4375 ctis
2263 4362 2280 4386 ,
2309 4316 2374 4374 in
2395 4314 2596 4393 quibus
2633 4313 2966 4390 sinqulatim
2985 4312 3238 4391 precibus
3260 4309 3422 4371 Plebs
3447 4309 3679 4375 Oratio-

2132 4428 2259 4469 nem
2280 4407 2636 4468 Dominicam
2653 4406 2755 4466 sub
2773 4405 2995 4464 silentio
3017 4404 3167 4464 dicat
3189 4451 3207 4474 ,
3238 4402 3560 4468 Sacerdotes
3587 4427 3678 4469 ve-

2134 4522 2201 4563 ro
2225 4499 2525 4563 Orationes
2546 4502 2623 4563 acl
2640 4501 2740 4560 hoe
2753 4499 3088 4579 pertinentes
3102 4501 3465 4578 persinqulas
3484 4502 3678 4562 admo·

2133 4599 2373 4657 nitiones
2394 4596 2709 4657 solemniter
2730 4595 3035 4674 expleant:
3051 4602 3175 4673 post
3198 4594 3330 4655 haee
3349 4615 3512 4658 sacra
3541 4598 3679 4659 cele-

2130 4693 2322 4759 bretur
2346 4688 2593 4752 Oblatio.

2248 4792 2308 4848 8.
2341 4781 2933 4866 Vigetetiamnumin
2959 4780 3157 4844 Gallia
3174 4781 3518 4865 hujusmodi
3541 4807 3678 4849 eon·
3715 4822 4004 4869 mmo-nau-

2129 4879 2423 4943 suetudo:
2453 4887 2636 4959 atque
2659 4877 2807 4939 haec
2841 4877 3172 4939 admonitio
3201 4878 3428 4941 Gallice
3458 4882 3679 4946 dicitur
3715 4878 3786 4994 ‘¹2⁸
3786 4882 3964 4925 ’ἥψω
3937 4898 4008 4925 ¹¹⁸⁰

2132 4976 2341 5047 Prone,
2371 4993 2527 5055 quae
2552 4992 2671 5035 vox
2700 4993 2735 5034 e
2756 4972 2983 5034 Graeco
3011 4971 3265 5035 Pronaos
3284 4973 3554 5039 derivata
3570 4985 3679 5049 est,
3721 4952 3788 5037 is..
3786 4940 4010 5055 ‘fe-112¹}

2130 5069 2247 5130 hoc
2271 5075 2360 5130 est
2381 5068 2460 5129 ab
2477 5066 2586 5129 illa
2611 5065 2842 5146 Templi
2865 5072 3055 5145 parte,
3086 5084 3243 5146 quae
3267 5066 3346 5128 ab
3372 5069 3501 5149 ejus
3527 5054 3682 5131 limi—
3719 5053 3851 5154 ’,ξζῗῗ
3847 5063 3897 5155 ‚J
3923 5059 4010 5156 fu:

2132 5183 2209 5224 ne
2236 5162 2315 5224 ad
2336 5161 2600 5223 Chorum
2627 5166 2902 5240 protenta
2930 5159 3137 5221 Laicos
3157 5161 3519 5235 continebat,
3545 5183 3685 5226 cum
3722 5164 3793 5209 ¹¹⁸·

2132 5255 2348 5318 Clerici
2377 5255 2439 5315 in
2454 5253 2652 5316 Choro
2677 5274 2780 5316 seu
2810 5254 3190 5335 Presbyterio
3212 5254 3679 5318 continerentur.

481 5356 542 5413 4.
598 5358 766 5430 parte
809 5349 1090 5411 Summae
1127 5349 1361 5411 Alensis
1405 5357 1659 5413 tractatu
1707 5350 1783 5412 de
1810 5350 2023 5413 Missa:
2135 5342 2278 5411 Vid.
2335 5350 2562 5431 Pouget
2603 5348 2796 5411 Instit.
2852 5347 3209 5412 Catholicar.
3247 5357 3390 5411 tom.
3435 5355 3494 5410 2.
3542 5371 3677 5434 pag.

479 5445 732 5508 Perlecto
770 5444 1115 5524 Evanqelio,
1164 5444 1359 5505 dicunt
1398 5443 1724 5508 Assistentes
1741 5493 1759 5518 ,
1801 5446 2026 5523 Amen3

2135 5449 2274 5507 836.
2303 5444 2374 5506 Ιιι
2403 5442 2578 5507 Italia
2603 5462 2845 5524 quoque
2871 5462 2998 5505 mos
3023 5450 3142 5517 est,
3173 5450 3242 5505 ut
3274 5443 3548 5519 Parochi,
3574 5446 3682 5528 qui
