4487 6316
974 526 1041 577 31

1495 685 1753 830 DE
1856 546 3318 841 SACROSANCTO

2076 1347 2307 1447 LIBER
2359 1348 2744 1452 SECUNBUS

1970 1577 2075 1639 DE
2111 1575 2367 1638 mssAE
2401 1577 2803 1641 marmus,

943 1765 1038 1827 Aa
1066 1787 1131 1827 ea
1156 1815 1171 1837 ,
1197 1787 1339 1847 quae
1369 1769 1632 1830 hactenus
1667 1769 1834 1830 libuit
1861 1769 2128 1850 praefari
2152 1817 2169 1840 ,
2206 1778 2511 1846 antequam
2540 1730 2707 1832 ‘1⁶2²‘ss
2734 1819 2751 1841 ,
2785 1790 2927 1850 quae
2950 1738 3015 1831 in
3039 1770 3228 1833 Missa
3253 1773 3388 1832 dicit
3437 1769 3709 1833 Sacer-dm
3750 1781 3854 1833 aut

1027 1877 1171 1955 facit
1200 1926 1216 1949 ,
1263 1879 1440 1939 dicere
1481 1880 1909 1958 aqqrederemur
1932 1927 1949 1951 ,
1994 1882 2059 1940 de
2099 1878 2330 1942 Missae
2373 1881 2544 1940 otiam
2583 1882 2921 1960 etymologia
2946 1928 2963 1951 ,
2998 1891 3049 1941 et
3092 1882 3158 1947 de
3204 1881 3403 1959 linqua
3428 1901 3523 1941 scu
3567 1883 3852 1950 idiomate,

1021 2006 1132 2065 quo
1174 1986 1362 2050 Missa
1404 1990 1732 2050 celebranda
1771 1991 1844 2049 sit
1872 2037 1888 2060 ,
1928 2008 2118 2070 pauca
2158 1987 2436 2068 quadeam
2474 1990 2675 2052 addere
2715 2000 3094 2073 opportunum
3133 1992 3546 2051 existimamus.

1252 2205 1505 2325 CA⁸13UT
1549 2263 1869 2326 PRIMUM

1086 2444 1097 2451 ⁴
1193 2447 1278 2509 De
1321 2450 1537 2513 Missae
1577 2453 1934 2532 etymoloqia.

453 2695 502 2735 u
503 2692 622 2737 m·
626 2700 740 2739 ΗΒ.
788 2642 844 2699 1.
890 2590 1023 2702 Ex
1051 2638 1351 2701 Hebraica
1378 2639 1588 2722 lingua
1627 2639 1906 2702 nonnulli
1935 2638 2152 2701 Missae
2189 2639 2340 2722 Ety-

449 2750 522 2791 ma
567 2711 661 2796 i...
637 2768 742 2809 ηομ
784 2735 1105 2819 mologiam
1128 2736 1397 2798 trahunt.
1429 2736 2022 2816 Deuteronomiicap.
2053 2740 2146 2796 16.
2178 2754 2344 2796 men-

450 2767 563 2908 ,ᾚῖκ
535 2824 624 2923 ἐξ,
627 2813 739 2909 ἔμ’
783 2830 867 2891 tio
884 2830 955 2892 fit
981 2831 1055 2892 de
1076 2831 1352 2892 ultronea
1373 2831 1636 2912 quadam
1661 2831 1987 2901 oblatione,
2018 2850 2201 2912 quam
2224 2829 2343 2891 lle-

448 2923 571 2965 mi...
574 2932 644 2971 ¹²²·
784 2926 950 2987 braei
983 2928 1107 2987 Deo
1129 2925 1475 2987 faciehant
1460 2946 1521 2985 m
1550 2925 1881 3007 gratiarum
1908 2925 2203 2987 actionem
2231 2944 2341 3004 pro

779 3019 1077 3083 fructibus
1111 3029 1305 3083 terrae
1330 3067 1346 3094 ,
1384 3040 1639 3102 eamque
1676 3020 1739 3080 in
1779 3020 1908 3100 ipso
1945 3020 2337 3081 comedebant

780 3114 1028 3197 Templo
1046 3114 1109 3176 in
1133 3114 1486 3176 memoriam
1507 3114 1725 3176 veteris
1743 3133 1865 3195 qua
1888 3112 2074 3195 pressi
2098 3113 2341 3175 fuerant

778 3209 1084 3272 servitutis
1106 3256 1123 3284 ,
1153 3218 1212 3272 et
1237 3209 1534 3271 libertatis
1559 3209 1622 3270 in
1658 3229 1843 3290 quam
1875 3208 2117 3270 fuerant
2146 3206 2341 3270 vindi-

776 3305 891 3367 cati
920 3305 1009 3367 Ea
1043 3305 1270 3367 oblatio
1297 3306 1568 3367 Mimanta.
1590 3304 2057 3385 appellabantur
2085 3324 2102 3377 ;
2144 3323 2178 3364 e
2212 3321 2336 3383 qua

776 3419 922 3462 voce
950 3399 1197 3480 quidam
1217 3408 1433 3480 putant
1450 3400 1690 3461 ductam
1716 3417 1843 3460 esse
1870 3398 2137 3470 Missam,
2173 3397 2336 3477 quod

776 3505 867 3556 est
899 3513 1090 3556 novae
1116 3494 1290 3578 Legis
1315 3493 1708 3556 Sacrificium.
1735 3494 1898 3555 Haec
1922 3492 2167 3554 Beronii
2191 3511 2331 3552 sen-

780 3589 967 3650 tentia
992 3596 1081 3651 est
1105 3588 1181 3650 ad
1208 3608 1352 3650 aun.
1394 3588 1536 3651 Chr.
1570 3593 1667 3649 34.
1699 3607 1869 3649 num.
1903 3593 2001 3649 59.
2034 3606 2218 3668 quam
2245 3605 2338 3647 se·

448 3659 671 3773 &ffi‘L’
650 3672 738 3702 ”““
783 3684 995 3764 quitur
1039 3684 1259 3745 Pontas
1304 3684 1630 3745 Dictionar.
1684 3683 1945 3745 Casuum
1997 3681 2334 3744 Conscient.

780 3779 967 3840 verbo
987 3777 1193 3840 Missa.
1219 3773 1602 3858 Albaspinaei
1634 3776 2081 3839 Aurelianensis
2098 3775 2339 3857 Episco-

777 3874 840 3957 pi
865 3873 1190 3956 singularis
1214 3873 1421 3954 opinio
1441 3881 1529 3934 est
1553 3872 1618 3933 in
1648 3880 1901 3934 tractatu
1929 3870 2149 3933 veteris
2179 3869 2336 3931 Poli-

781 3968 902 4031 tiae
924 3967 1223 4030 Ecclesiae
1248 3967 1405 4029 circa
1432 3965 2012 4027 administrationem
2038 3963 2334 4026 Euchari-

781 4064 952 4137 stiae,
976 4072 1037 4126 et
1059 4061 1535 4125 circumstantias
1562 4061 1798 4135 Missae,
1823 4060 1931 4140 qui
1966 4060 2075 4122 lib.
2108 4064 2167 4119 2.
2199 4078 2329 4139 cap.

786 4164 843 4220 3.
876 4158 1120 4220 Missam
1140 4177 1216 4219 ex
1237 4176 1380 4219 voce
1400 4157 1524 4218 Mes
1543 4155 1876 4217 derivatam
1902 4174 2028 4216 esse
2046 4154 2152 4228 ait,
2177 4172 2336 4234 quae

784 4272 904 4313 vox
937 4252 1099 4333 apud
1140 4249 1645 4332 Septentrionales
1690 4249 1911 4310 Gentes
1953 4248 2137 4309 etiam
2175 4266 2339 4308 nunc

784 4346 1160 4408 Conventum
1185 4392 1201 4420 ,
1237 4344 1646 4407 Festivitatem
1669 4389 1686 4417 ,
1714 4342 2086 4404 Sacrificium
2113 4340 2341 4423 signifi-

784 4452 899 4504 cat.
929 4441 1043 4503 Sed
1069 4440 1445 4503 eruditorum
1479 4439 1696 4519 vulgus
1730 4445 1902 4518 putat
1926 4482 1942 4510 ‚
1990 4436 2174 4516 idque
2203 4455 2339 4516 pro-

441 4581 581 4632 wm
601 4600 625 4630 ⁸
660 4587 747 4629 u-
788 4536 1053 4598 babilius
1077 4543 1187 4608 est,
1208 4554 1242 4595 e
1270 4534 1484 4596 Latino
1517 4532 1761 4594 Missam
1795 4530 2152 4603 derivatam,
2180 4548 2339 4610 quae

453 4646 545 4690 uno
582 4645 746 4689 derivn·
786 4651 908 4694 vox
935 4630 1094 4693 idem
1122 4628 1285 4691 valet
1313 4648 1385 4690 ac
1422 4626 1627 4689 missio
1652 4672 1669 4700 ,
1699 4645 1804 4687 seu
1839 4623 2104 4686 abeundi
2137 4623 2334 4686 venia.

454 4711 540 4750 '¹⁰
786 4728 976 4789 Locus
1000 4733 1091 4787 est
1123 4722 1425 4786 ciceronis
1449 4721 1515 4783 in
1562 4719 1898 4806 Philippiqa
1926 4725 1985 4780 5.
2039 4738 2168 4799 cap.
2217 4718 2331 4780 ult.

777 4821 1040 4900 Layiom
1063 4821 1204 4880 bello
1228 4818 1469 4896 consecto
1494 4818 1689 4876 missas
1711 4816 1881 4896 fieri:
1924 4821 1984 4875 et
2016 4812 2358 4874 Suetonius

786 4915 852 4977 in
878 4915 1019 4998 Cajo
1044 4934 1173 4995 cap.
1200 4917 1299 4973 25.
1334 4909 1546 4992 Brevi(
1568 4908 1823 4971 Lolliam
1848 4907 2167 4969 Paulinam
2191 4926 2339 4968 uxo-

786 5009 951 5092 rem)
981 5011 1208 5068 missam
1249 5007 1400 5084 fecit.

908 5109 967 5165 2.
995 5101 1154 5176 Quia
1171 5119 1317 5161 vero
1336 5097 1400 5158 in
1421 5103 1625 5157 nostra
1643 5094 1931 5157 Sacrificii
1952 5093 2226 5177 Liturgia
2253 5094 2341 5157 bi—

453 5163 750 5277 mffiffssm
653 5173 750 5208 '¹⁰⁸‘
707 5218 899 5267 mae
928 5193 1304 5257 dimissiones
1344 5198 1558 5263 erant,
1596 5207 1857 5270 quarum
1897 5188 2086 5251 altera
2123 5187 2338 5250 Diaco-

455 5281 689 5381 xfflffm
789 5311 906 5353 nus
922 5286 1390 5352 Catechumenos
1407 5294 1468 5344 et
1484 5281 1767 5344 Infideles
1783 5290 1916 5364 post
1940 5281 2338 5364 Evangelium

455 5407 698 5443 τοοκ-ιω-
787 5394 848 5448 et
898 5382 1255 5447 Concionem
1282 5424 1298 5452 ‚
1339 5378 1530 5440 altera
1563 5386 1826 5439 caeteros
1858 5396 2066 5438 omnes
2088 5422 2105 5450 ,
2155 5377 2340 5440 Missa

792 5486 1026 5563 peracta
1051 5523 1068 5551 ,
1096 5473 1438 5571 dimittebat
1463 5471 1585 5532 illis
1614 5470 1815 5533 verbis
1838 5515 1855 5544 ,
1884 5469 1990 5541 Ite,
2014 5469 2202 5532 Missa
2222 5482 2333 5543 est,

2454 2279 2612 2344 quae
2637 2265 2898 2328 secunda
2928 2264 3199 2327 dimissio
3224 2265 3556 2328 etiamnum
3576 2274 3890 2340 remanet:
3925 2266 4017 2328 ἰη-

2452 2359 2528 2421 de
2570 2359 2875 2422 Sacrificio
2911 2369 3116 2422 nostro
3173 2361 3390 2422 Missae
3440 2380 3655 2423 nomen
3703 2361 4009 2422 inditum:

2452 2471 2575 2534 qua
2610 2454 2673 2514 in
2702 2475 2769 2516 re
2793 2455 3174 2517 consentiunt
3207 2454 3325 2515 viri
3354 2455 3508 2516 docti
3537 2501 3554 2529 ,
3586 2457 3753 2517 Bona
3785 2457 4011 2516 Rerum

2453 2548 2810 2631 Liturgicar.
2844 2549 2951 2611 lib.
2990 2554 3043 2627 ¹:
3074 2569 3204 2629 cap.
3244 2555 3298 2610 1.
3333 2549 3735 2611 Bellarmiuus
3766 2561 3907 2612 tom.
3944 2555 4003 2610 3.

2448 2643 2907 2706 controversiar.
2934 2643 3043 2705 lib.
3073 2649 3131 2705 5.
3155 2663 3285 2724 cap.
3318 2649 3370 2705 1.
3398 2644 3740 2705 vicecomes
3766 2645 3843 2706 de
3871 2644 4012 2705 Mis-

2449 2754 2547 2796 sae
2575 2735 2814 2797 Ritibus
2840 2736 2947 2799 lib.
2987 2742 3039 2798 1.
3083 2757 3214 2817 cap.
3255 2743 3313 2798 5.
3352 2737 3646 2819 Georgius
3681 2738 4012 2799 Cassander

2449 2828 2513 2889 in
2551 2849 2661 2891 suo
2698 2830 2893 2911 Opere
2932 2832 3237 2913 Liturgico
3270 2852 3401 2912 cap.
3457 2838 3551 2893 17.
3595 2832 3661 2893 in
3697 2832 3819 2894 fine
3843 2878 3860 2906 ,
3910 2834 4007 2893 Du

2447 2922 2646 3006 Gange
2679 2926 2865 2987 verbo
2893 2926 3113 3000 Missa3
3136 2928 3500 3007 Van-Espen
3529 2928 3661 2988 Jur.
3687 2927 3846 2988 Eccl.
3874 2926 4010 2988 uni-

2448 3037 2604 3079 verS.
2662 3038 2792 3104 par.
2844 3019 3029 3080 2.1ἰ1.
3063 3026 3121 3080 5.
3153 3040 3283 3099 cap.
3343 3024 3397 3080 1.
3437 3041 3606 3080 num.
3672 3025 3725 3080 1.
3785 3021 4009 3081 Vertus
4142 3019 4146 3024 ’

2449 3119 2591 3174 tom.
2650 3117 2703 3174 1.
2763 3134 2898 3196 pag.
2961 3120 3018 3176 3.
3072 3113 3303 3177 Natalis
3339 3114 3681 3178 Alexander
3716 3114 4003 3198 Theolog.

2450 3210 2724 3289 Dogmat.
2756 3229 2827 3271 ac
2853 3210 3066 3271 Moral.
3109 3210 3217 3271 lib.
3260 3215 3321 3271 2.
3360 3211 3435 3273 de
3473 3212 3737 3272 Sacram.
3767 3211 4007 3273 Eucha-

2446 3301 2576 3363 rist.
2608 3322 2739 3383 cap.
2780 3310 2838 3364 6.
2870 3312 2984 3365 art.
3019 3308 3077 3365 t.
3117 3304 3181 3364 in
3217 3303 3360 3378 fine,
3398 3314 3457 3366 et
3483 3305 3717 3366 dissert.
3757 3309 3853 3366 13.
3886 3324 4012 3366 sae-

2448 3396 2567 3458 culi
2603 3401 2696 3458 13.
2728 3406 2789 3460 et
2819 3402 2911 3459 14.
2953 3398 3258 3460 Historiae
3282 3399 3728 3461 Ecclesiasticae
3766 3408 3911 3461 tom.
3944 3405 4004 3461 7.

2445 3490 2728 3554 editionis
2757 3491 3050 3553 Parisieu.
3094 3492 3239 3554 anni
3273 3498 3446 3554 1714.
3483 3514 3619 3576 pag.
3656 3500 3794 3555 596.
3827 3494 4008 3556 Fras-

2447 3603 2551 3645 seu
2582 3591 2726 3645 tom.
2766 3589 2859 3645 11.
2891 3585 3254 3666 Theologiae
3284 3586 3428 3650 edit.
3466 3589 3768 3649 Romanae
3804 3588 3868 3648 in
3906 3607 4008 3669 ap—

2445 3677 2696 3758 pendice
2722 3680 2797 3741 de
2831 3679 3050 3741 Missae
3088 3679 3393 3744 Sacrificio
3431 3701 3568 3763 pag.
3604 3687 3740 3743 327.
3784 3681 4011 3744 Silvius

2448 3771 2513 3832 in
2543 3779 2599 3833 3.
2639 3794 2770 3854 par.
2792 3776 2864 3836 D.
2897 3773 3110 3836 Thom.
3144 3784 3373 3855 quaest.
3408 3782 3506 3837 83.
3538 3777 3793 3857 quaesit.
3827 3783 3920 3839 18.
3951 3785 4013 3840 et

2445 3868 2679 3931 erudite
2706 3869 3046 3950 Bocquillot
3062 3871 3259 3932 Tract.
3292 3870 3594 3933 Historico
3620 3871 3695 3932 de
3715 3891 3885 3936 sacra
3914 3871 4012 3933 Li-

2447 3962 2648 4044 turgia
2674 3984 2779 4025 seu
2807 3964 2991 4026 Missa
3018 3964 3126 4024 lib.
3163 3968 3217 4024 1.
3249 3984 3380 4045 cap.
3410 3969 3464 4025 1.
3497 3984 3666 4024 ιιιιιιι.
3696 3970 3754 4026 3.
3786 3973 3847 4026 et
3875 3985 4001 4046 seq.

2445 4058 2813 4121 Bossuetus
2797 4079 2860 4120 tn
2896 4058 3294 4140 explicatione
3321 4059 3727 4139 quarumdam
3754 4058 4007 4121 difficul-

2448 4162 2639 4216 tatum
2666 4155 2742 4216 de
2778 4154 2994 4215 Missae
3029 4153 3334 4215 Sacrificio
3354 4173 3507 4264 cap.
3548 4158 3608 4214 2.
3656 4152 3763 4215 ubi
3806 4161 4010 4215 monet

2443 4268 2651 4311 vocem
2671 4248 2861 4311 Missa
2887 4249 3140 4309 eandem
3158 4269 3285 4310 esse
3304 4269 3374 4310 ac
3387 4251 3577 4309 missio
3595 4248 3714 4310 levi
3737 4247 3935 4310 facta
3917 4268 4009 4309 m-

2444 4341 2722 4416 flexione‚
2738 4342 3245 4423 quemadmodum
3268 4341 3536 4403 Remissa
3557 4361 3668 4423 pro
3688 4340 4002 4415 Remissio,

2445 4434 2665 4499 Oblata
2706 4456 2816 4517 pro
2863 4436 3128 4510 Oblatio,
3159 4437 3416 4497 Ascensa
3441 4455 3555 4517 pro
3583 4434 3865 4498 Ascensio
3892 4436 4009 4498 Ve-

2447 4538 2602 4592 teres
2626 4531 2935 4593 dixerunt.
2986 4532 3168 4593 Notat
3199 4532 3382 4593 etiam
3428 4532 3589 4593 idem
3638 4533 3958 4594 Bossuetus
3984 4577 4002 4606 ,

2446 4626 2609 4706 quod
2644 4645 2754 4687 nos
2800 4645 2984 4706 supra
3029 4625 3342 4687 innuimus
3382 4634 3442 4687 et
3487 4625 3635 4687 alibi
3663 4617 3996 4689 adnotabi-

2447 4739 2583 4781 mus
2600 4767 2616 4795 ,
2665 4741 2805 4783 cum
2860 4721 2939 4782 ad
2986 4719 3373 4782 Oblationem
3433 4721 3757 4783 deventum
3812 4730 4002 4796 esset,

2444 4813 2913 4877 Catechumenos
2934 4861 2951 4889 ,
2989 4814 3398 4889 Poeuitentes,
3427 4816 3882 4897 Energumenos
3907 4815 4004 4877 al-

2443 4916 2505 4970 ta
2531 4929 2676 4971 voce
2710 4929 2749 4971 a
2791 4909 3059 4971 Diacono
3087 4954 3105 4982 ‚
3149 4928 3219 4970 ac
3255 4910 3516 4991 denique
3547 4910 3786 4990 expleta
3823 4909 4006 4974 Missa

2444 5002 2734 5083 populum
2778 5003 3132 5065 universum
3185 5002 3406 5065 dimitti
3462 5004 3883 5066 consuevisse:
3933 5024 4006 5066 ac

2444 5105 2759 5177 propterea
2785 5094 3161 5158 Sacrificium
3200 5117 3321 5158 uon
3363 5098 3540 5158 modo
3568 5098 3814 5159 Missam
3837 5143 3856 5171 ,
3897 5097 4004 5159 sed

2436 5191 2620 5253 etiam
2654 5191 2865 5252 Missas
2900 5210 3027 5252 esse
3069 5191 3479 5272 appellatum;
3518 5191 4006 5272 frequentissime

2444 5285 2509 5347 in
2537 5284 2713 5372 libris
2736 5286 2999 5347 occurrit
3031 5285 3246 5350 Missas
3288 5288 3466 5366 [acere
3492 5335 3509 5358 ,
3555 5287 3875 5349 Missurum
3914 5307 4005 5347 so-

2446 5381 2655 5441 lemnia
2674 5401 2697 5448 ,·
2741 5399 2884 5441 nam
2911 5379 2973 5440 in
3004 5379 3310 5442 Sacrificio
3336 5400 3458 5443 non
3489 5397 3610 5444 una
3635 5426 3653 5455 ,
3683 5380 3787 5442 sed
3825 5379 4005 5443 binae

2444 5471 2673 5535 fiebant
2698 5471 3094 5536 dimissiones.
