4487 6316
1638 530 2031 597 memmx
2066 533 2154 585 lv

2195 531 2286 583 An
2326 533 2436 583 Lm
2473 531 2570 584 m.
3423 527 3535 581 2⁸⁵

521 686 862 764 positivam,
892 690 1011 742 tum
1037 681 1451 775 speculativam
1465 699 1637 759 quam
1660 680 1897 753 dicunt
1912 677 2073 737 nibil
2183 676 2340 737 illico
2368 674 2433 740 de
2455 672 2685 752 publica
2696 673 2961 735 utilitate
3001 691 3212 733 meeum
3241 675 3354 752 ipss
3385 674 3722 751 coqitabam.

531 780 681 857 quod
713 779 788 839 ad
812 776 1020 837 Sacros
1052 774 1349 853 Ganones,
1388 759 1489 836 a'ut
1523 774 1846 837 Historiam
1876 774 2076 835 Eccle-

532 872 823 932 siasticam
850 860 1152 949 spectaret,
1181 869 1382 950 afferre
1404 870 1719 948 potuerim,
1751 871 1816 933 in
1841 870 1952 947 quo
1979 868 2077 928 ille

540 966 817 1025 dicentem
837 984 922 1024 me
964 983 1083 1039 non
1113 966 1521 1044 praeveniret,
1548 964 1815 1043 nihilque
1832 965 1905 1024 ab
1942 964 2078 1023 aliis

537 1060 778 1129 audivi,
810 1059 959 1138 quod
985 1060 1058 1120 ab
1086 1078 1146 1118 eo
1166 1059 1334 1139 prius
1359 1078 1474 1117 non
1505 1059 1839 1119 audiverim.
1870 1057 2080 1118 Noluit

542 1163 749 1222 tamen,
774 1170 924 1230 quae
950 1152 1127 1231 ipsius
1152 1152 1477 1212 moderatio
1485 1161 1585 1221 est,
1613 1152 1890 1211 deci-etum
1913 1169 2079 1233 suum
2115 1177 2121 1183 ·

537 1256 716 1305 nante
740 1247 1041 1324 concipere
1070 1254 1123 1305 et
1147 1247 1353 1324 scripto
1383 1246 1623 1316 tradere,
1630 1246 1762 1304 nisi
1775 1228 2081 1323 postquam

535 1340 630 1399 elie
663 1342 721 1399 b.
755 1338 1004 1417 Auyusti
1037 1342 1289 1399 omnium
1335 1337 1755 1403 Consultorum
1780 1340 2079 1399 sententias

530 1433 813 1513 perleqit,
843 1442 1010 1510 atque
1027 1433 1362 1539 perpendit:
1394 1442 1514 1492 tum
1530 1435 1758 1512 ipsemet
1786 1432 2081 1499 Decretum

540 1526 834 1607 condidit,
864 1526 1012 1603 quod
1037 1527 1114 1585 ad
1145 1526 1413 1602 majorem
1454 1528 1799 1605 diynationis
1835 1526 2109 1606 Pontifi-‘

538 1621 701 1688 ciae,
731 1628 901 1696 atque
927 1620 993 1676 in
1020 1629 1232 1696 gentem
1258 1629 1512 1680 nostram
1555 1622 1765 1693 amoris
1792 1618 2080 1699 significa

544 1715 748 1772 tionem
780 1713 905 1772 diei
923 1711 1321 1773 coronationis
1353 1733 1488 1774 suae
1513 1714 1689 1773 voluit
1712 1714 2074 1793 subscribere.

566 1829 587 1855 τ
655 1805 812 1869 Illud
839 1808 1009 1866 etiam
1031 1824 1250 1868 summa
1274 1809 1595 1879 clementia,
1622 1819 1789 1887 atque
1814 1808 2081 1873 humani-

546 1910 658 1960 tate
688 1902 952 1978 dignatus
975 1911 1054 1960 est
1079 1902 1167 1961 ad
1182 1918 1266 1961 me
1292 1903 1557 1962 mittere:
1601 1903 1748 1981 quod
1788 1904 1892 1963 vix
1929 1920 2083 1963 acce-

533 2004 744 2073 ptum,
782 1996 939 2054 illico
967 1996 1306 2055 avidissimis
1349 1997 1526 2056 oculis
1553 1998 1784 2081 perleqi.
1826 1995 2084 2056 Sciebam

543 2090 691 2147 enim
710 2099 984 2148 recentem
1008 2109 1135 2149 esse
1143 2090 1348 2167 foetum
1378 2091 1755 2168 feracissimas
1781 2092 2002 2159 mentis,
2032 2099 2083 2150 et

542 2183 837 2260 omniqcna
870 2183 1199 2244 litteratura
1222 2184 1503 2261 refertae,-
1522 2185 1639 2245 sed
1668 2187 1816 2255 enim
1848 2186 1899 2244 si
1927 2184 2084 2262 quis-

542 2295 678 2337 nam
708 2286 837 2341 esset
863 2282 1038 2349 antea
1058 2278 1399 2354 ignorasset»
1413 2326 1430 2349 ,
1463 2298 1536 2340 ex
1562 2274 1714 2340 mira
1739 2272 2081 2349 eruditione,

540 2371 872 2430 acutissima
890 2371 1268 2448 perspicacia,
1300 2373 1607 2451 prudentia
1624 2375 1802 2453 ,plane
1829 2374 2088 2451 sinqula—

543 2465 603 2521 ri
627 2510 643 2532 ,
674 2483 816 2541 quae
846 2465 908 2523 in
941 2465 1043 2522 illo
1069 2466 1301 2545 mirifice
1330 2468 1614 2528 elucebant
1639 2515 1656 2537 ,
1686 2467 1985 2528 Auctorem
2004 2468 2086 2527 il-

550 2558 658 2627 lico
683 2560 1045 2635 agnovissem,-
1074 2578 1200 2617 cum
1230 2561 1456 2638 legerem
1471 2609 1487 2631 ,
1518 2581 1632 2621 non
1656 2563 1820 2631 semel
1844 2564 2087 2622 miratus

516 2670 669 2710 -sum
690 2650 1019 2737 ,Pontificem
1039 2652 1373 2713 Maximum
1392 2657 1656 2733 plurimis
1670 2658 2091 2721 distentumcu-

544 2747 657 2815 ris,
679 2755 730 2804 et
750 2745 1035 2808 Ecclesiae
1056 2749 1347 2808 universae
1367 2752 1600 2827 neqotiis
1624 2752 1975 2830 impeditum,
2003 2753 2107 2812 ita.

544 2839 676 2898 Ituic
716 2838 947 2898 Decreta
986 2861 1211 2919 operam
1252 2843 1459 2903 dedisse
1487 2892 1502 2914 ,
1543 2856 1608 2904 ut
1654 2848 1771 2909 nisi
1816 2855 2088 2925 auqustae

546 2936 745 2995 mentis
775 2928 1207 3019 amplitudinem
1232 2951 1574 3017 perspectam
1606 2941 1860 3002 haberem
1882 2987 1900 3011 ,
1944 2941 2090 2999 mihi

546 3036 692 3087 totus
723 3029 787 3086 in
816 3047 876 3087 eo
904 3029 1073 3105 [uisse
1117 3030 1299 3089 videri
1321 3035 1619 3109 potuisset.
1668 3032 1825 3110 Sed,
1857 3046 1924 3095 ut
1963 3035 2089 3095 alia

540 3131 931 3203 praeteream,
962 3142 1022 3183 eo
1070 3133 1492 3218 temperamento
1534 3131 1914 3192 communibus
1948 3130 2087 3199 votis

546 3217 788 3276 indulsit
804 3249 821 3294 2
851 3228 916 3277 nt
942 3219 1221 3296 quidquid
1237 3223 1659 3300 concessionem,
1690 3226 1775 3283 vel
1796 3227 1964 3284 nimis
1992 3225 2085 3283 in*-

542 3309 882 3389 dulqentem,
904 3314 986 3373 vel
1005 3313 1266 3373 abusibus
1283 3316 1587 3382 obnoxiam
1604 3319 1828 3378 reddere
1842 3328 2084 3398 poterat,

547 3406 898 3485 solertissime
914 3409 1282 3484 praecaverit.
1317 3407 1557 3470 Unum
1531 3431 1596 3469 in
1621 3430 1681 3470 eo
1710 3410 1939 3471 Decreto
1959 3421 2087 3474 tan-

548 3477 830 3560 tummodo
868 3502 1176 3574 desiderari
1218 3503 1552 3574 videbatur,
1586 3505 1740 3583 quod
1770 3493 2088 3565 oculatissi-

549 3613 707 3653 mum
733 3593 1059 3680 Principem
1082 3598 1431 3658 nullatenus
1448 3598 1653 3676 suqisse
1698 3600 1991 3667 arbitror.
2033 3618 2089 3659 se

549 3690 771 3753 iteratis
787 3691 1040 3768 precibus
1067 3694 1263 3769 roqari
1282 3693 1536 3763 coluisse,
1567 3703 1860 3754 utnovam
1880 3695 1945 3753 de
1966 3692 2088 3753 Hi-

547 3801 730 3860 spana
745 3826 762 3854 ,
791 3803 857 3843 ac
879 3782 1162 3848 Lusitana
1177 3795 1333 3863 qente
1354 3787 1731 3856 benemerendi
1753 3791 2090 3854 occasionem

535 3875 772 3936 -baberet
799 3898 821 3943 ,·
850 3879 1070 3937 obvium
1095 3882 1243 3942 enim
1270 3889 1392 3941 erat
1416 3927 1434 3951 ,
1464 3889 1517 3960 et
1546 3885 1761 3943 rationi
1799 3894 2087 3958 consenta-

548 3988 718 4028 neum
740 3970 853 4039 ,ut
883 3980 1093 4050 tempus
1120 3970 1316 4032 Sacris
1345 3976 1616 4052 operandi
1637 3987 1763 4055 post
1808 3978 2112 4036 meridiem·

543 4066 1015 4144 protraheretur:
1042 4068 1212 4127 aliter
1238 4068 1354 4126 tria
1383 4066 1571 4129 Sacra
1595 4117 1613 4141 ‚
1650 4072 1849 4149 quibus
1880 4073 2095 4153 liberas

554 4159 688 4220 litas
728 4158 1035 4239 Pontificio
1072 4158 1309 4220 Animas
1350 4163 1415 4220 in
1457 4161 1801 4241 Rurqatorio
1842 4166 2088 4226 detentas

550 4253 835 4314 sublevari
858 4263 1190 4313 concesserat
1220 4299 1238 4323 ,
1264 4254 1331 4311 ob
1346 4258 1617 4336 temporis
1644 4260 1936 4336 anqustias
1964 4278 2087 4332 sae-

544 4347 680 4427 pius
708 4346 942 4423 fuissent
970 4347 1197 4426 omissa.
1222 4343 1342 4417 ,Sed
1369 4347 1469 4406 hoc
1510 4350 1679 4408 etiam
1708 4347 2087 4411 Clementissi-

549 4459 674 4499 mus
702 4436 974 4516 Pontifex
1007 4439 1324 4520 beneficium
1355 4440 1579 4501 addidit
1607 4487 1623 4511 ,
1654 4462 1751 4502 seu
1775 4445 2089 4523 potiushoc

550 4536 754 4594 ultimo
780 4536 956 4595 veluti
985 4534 1713 4620 additamenta-beneficium
1731 4537 1859 4616 ⁸iam
1883 4557 2093 4600 conces-

552 4636 678 4688 su'm
697 4630 973 4708 perfecit,
998 4639 1165 4707 atque
1188 4630 1520 4694 cumulavit.
2050 4686 2055 4692 ,

584 4774 593 4782 .
670 4722 807 4785 Non
829 4726 948 4784 sine
983 4724 1356 4802 erqo-inqenti
1396 4726 1582 4784 animi
1612 4721 1831 4803 gaudio.
1844 4727 1945 4785 sub
1970 4727 2088 4786 ini-

555 4818 701 4892 tium
720 4816 1060 4898 Septembris
1071 4819 1332 4898 proxime
1361 4820 1539 4898 elapsi
1561 4829 1678 4879 tam
1695 4819 2091 4880 Potentissimo

538 4910 697 4992 -Reqi
723 4911 964 4979 Domino
994 4931 1153 4981 meo,
1182 4931 1355 4991 quam
1386 4911 1831 4991 Auqustissimae
1870 4913 2090 5021 Hispa—

554 5006 787 5068 niarum
811 5005 1056 5083 Reqinae
1084 5004 1514 5085 Pontificiorum
1540 5005 1935 5078 Decretorum,
1967 5008 2092 5084 qui-
2120 5045 2125 5052 -

550 5097 655 5157 bus
693 5099 1088 5165 concedebatur
1131 5097 1381 5176 facultas
1408 5101 1524 5160 tria
1555 5097 1742 5170 Sacra
1768 5100 2091 5162 celebrandi

549 5189 643 5252 dis
668 5188 1227 5268 Commorat-'onis
1254 5193 1536 5256 omnium
1546 5191 1597 5251 F
1593 5194 1826 5252 idalium
1866 5192 2085 5270 Desun-

550 5293 791 5364 ctorum,
812 5293 867 5344 et
889 5283 1392 5368 ὢὶαιίομηρῶιι,
1390 5287 1469 5348 ad
1491 5287 1631 5347 duas
1654 5287 1819 5350 boras
1834 5296 1957 5393 post
1981 5307 2115 5347 me·-

540 5363 756 5440 ricliom
780 5377 1131 5458 exemplaria
1154 5379 1351 5448 niitti,
1380 5389 1430 5438 et
1459 5378 1651 5460 offerri
1678 5381 1897 5439 curavi.
1931 5379 2091 5440 Post-

526 5491 727 5552 „quam
748 5480 934 5534 tamn
958 5473 1093 5535 haec
1108 5472 1288 5552 officia
1304 5518 1321 5543 ,
1349 5483 1516 5553 atque
1540 5473 1799 5552 obsequia
1824 5450 2086 5554 persolvi,

2183 768 2417 828 Animos
2438 767 2660 831 addidit
2689 754 3092 831 Sanctissimus
3118 765 3393 831 Dominus
3415 765 3653 836 Noster,
3677 774 3729 825 et

2178 882 2318 941 pene
2346 861 2616 923 dixerim
2621 858 2837 920 Auctor
2863 860 3015 939 fuit,
3046 870 3111 919 ut
3152 880 3294 938 quae
3337 862 3432 925 illi
3449 862 3727 940 privatim

2186 974 2585 1037 exposueram,
2610 956 2745 1015 aliis
2773 956 2975 1025 etiam,
3008 956 3147 1035 lucis
3163 956 3421 1034 publicae
3439 955 3727 1035 beneficio,

2183 1052 2676 1113 communicarem.
2697 1048 2887 1127 Igitur
2917 1048 3217 1130 Pontificio
3237 1049 3476 1115 Decreto
3501 1049 3730 1130 Appen-

2185 1145 2328 1207 dices
2350 1145 2423 1204 ab
2448 1144 2631 1204 eodem
2654 1126 2896 1205 Auctore
2924 1144 3237 1223 desumptas
3260 1145 3627 1222 wbjunqm,
3667 1153 3735 1203 ut

2186 1238 2396 1309 videas,
2423 1254 2556 1316 qua
2566 1238 2900 1309 eruditione,
2926 1259 3042 1318 qua
3061 1240 3346 1302 doctrime
3367 1240 3728 1315 excellentia,

2187 1334 2318 1392 vel
2295 1351 2358 1391 m
2378 1352 2468 1402 eo,
2499 1333 2645 1411 quod
2667 1333 2756 1391 nil
2784 1333 2895 1394 tale
2917 1334 3328 1412 praecoqitanti
3344 1353 3372 1393 e
3384 1353 3450 1393 re
3471 1342 3611 1393 nata
3631 1352 3730 1391 su-

2187 1428 2410 1486 bortum
2436 1437 2514 1487 est
2540 1473 2555 1495 ,
2587 1437 2918 1505 arqumento
2933 1429 3282 1497 disseruerit.
3316 1426 3454 1488 Jam
3495 1446 3638 1505 quae
3666 1428 3732 1488 de

2189 1520 2489 1602 Pontificio
2518 1520 2748 1595 Decreto
2773 1522 3094 1599 measuerit
3121 1525 3437 1589 sententia,
3465 1541 3609 1599 quae
3634 1522 3733 1598 fu·
3792 1513 3800 1530 '

2189 1625 2324 1676 tura
2350 1617 2603 1683 omnium
2631 1614 3038 1676 Lusitanorum
3065 1617 3326 1685 laetitia,
3356 1617 3461 1676 tibi
3488 1614 3727 1685 Lector,

2187 1729 2263 1770 ex
2287 1710 2533 1787 subjecta
2560 1711 2806 1791 epistola
2815 1711 2981 1788 prius
3008 1711 3232 1791 quidem
3260 1730 3300 1770 a
3326 1729 3411 1769 me
3456 1710 3730 1788 festinan-
3809 1716 3815 1721 ’

2192 1813 2277 1869 ἰού·
2310 1814 2590 1875 exarata,
2611 1823 2800 1865 nunc
2817 1822 2945 1864 vero
2976 1805 3284 1884 paululum
3321 1814 3493 1866 aucta
3511 1824 3734 1927 perspe-

2189 1907 2343 1959 ctum
2374 1900 2524 1959 erit.

2580 2036 3043 2147 amnssms
3070 2084 3378 2150 PATER.
3484 2090 3492 2099 ·
3567 2048 3573 2055 ’

2196 2310 2584 2449 Intersplura
2605 2388 2641 2431 a
2668 2370 2784 2444 110,
2809 2370 3163 2445 Beatissimo
3182 2370 3392 2444 Pater,
3420 2371 3735 2453 sapientis·

2194 2462 2346 2535 sime
2370 2463 2688 2525 constituta
2724 2463 2876 2536 illud
2918 2483 3070 2528 sane
3101 2464 3491 2545 mnspicuum
3534 2465 3732 2527 locum

2195 2556 2458 2630 obtinet,
2484 2558 2646 2638 quod
2674 2557 3094 2620 Sacerdotibus
3118 2558 3375 2641 singulis
3401 2559 3466 2621 in
3494 2559 3735 2625 ditioni-

2198 2652 2311 2713 bus
2339 2651 2665 2733 Hispaniae
2687 2698 2704 2726 ,
2738 2661 2798 2714 et
2828 2652 3172 2723 Lusitaniae
3210 2656 3440 2736 Regum
3468 2673 3734 2716 commo·-

2196 2744 2473 2811 rantibus
2499 2744 2841 2819 facultatem
2876 2747 3238 2818 concesseris,
3264 2756 3353 2809 ter
3381 2747 3565 2810 sacris
3592 2767 3735 2828 ope-

2196 2839 2371 2902 randi
2397 2859 2468 2901 ea
2491 2840 2612 2914 die,
2636 2860 2758 2920 qua
2778 2841 3278 2904 Commemoratis)
3296 2842 3594 2904 Fidelium
3611 2860 3739 2911 om-

2196 2934 2364 2995 nium
2398 2934 2830 2997 Defunctorum
2870 2936 3192 3016 quotannis
3233 2934 3510 2999 recurrit.
3553 2936 3736 2997 Enim

2198 3048 2341 3091 vero
2362 3029 2476 3091 hoc
2492 3049 2616 3091 uno
2647 3032 2912 3101 Decreto,
2938 3030 3097 3109 quod
3120 3031 3193 3091 ad
3221 3050 3315 3091 me
3339 3030 3575 3110 mittere
3596 3051 3734 3110 per-

2194 3123 2543 3195 humaniter
2568 3124 2849 3206 dignatus
2880 3143 2944 3186 es
2966 3128 3073 3198 ,'et
3105 3117 3379 3187 animum
3405 3127 3600 3187 Tuum
3628 3146 3734 3207 pa-

2195 3228 2367 3285 terna
2396 3218 2808 3291 benevolentia
2846 3218 3087 3298 plenum
3117 3239 3259 3302 erga
3286 3220 3738 3288 ferdinandum

2192 3312 2282 3373 Vl
2308 3358 2325 3386 ‚
2359 3321 2420 3374 et
2440 3313 2734 3384 loannem
2763 3313 2838 3373 V.
2876 3311 3201 3374 Dominum
3238 3334 3439 3376 meum
3465 3360 3481 3387 ,
3518 3315 3736 3396 Hispa-

2195 3405 2365 3479 niae,
2396 3415 2577 3486 atque
2607 3406 2951 3470 Lusitaniae
2977 3409 3164 3489 Reges
3190 3407 3488 3472 Maximos
3511 3409 3741 3482 Sancti-

2195 3509 2285 3561 tas
2303 3500 2434 3560 Tua
2456 3497 2760 3586 praeclare
2781 3499 3176 3581 significavit,
3206 3521 3374 3575 cum,
3399 3522 3609 3564 eorum
3629 3524 3737 3584 pe-

2192 3593 2510 3658 titionibus
2548 3613 2884 3668 annuensw„
2907 3594 3186 3677 gentibus
3208 3641 3225 3670 ,
3270 3596 3494 3677 quibus
3535 3598 3628 3662 illi
3669 3599 3735 3660 in

2193 3694 2462 3767 utroque*
2479 3686 2642 3749 Orbe
2659 3686 2779 3748 late
2807 3688 3106 3768 imperant
3128 3688 3483 3771 ,singulare
3509 3690 3736 3753 benefi-

2191 3778 2353 3841 cium
2373 3801 2410 3843 a
2431 3781 2983 3861 praedecessoribus
3003 3782 3147 3844 Tuis
3169 3784 3455 3852 Romanis
3482 3786 3733 3848 Pontifi-

2192 3872 2362 3935 cibus
2388 3874 2614 3937 frustra
2638 3875 2967 3954 expetitum
2988 3920 3005 3947 ,
3037 3864 3370 3938 liberaliter
3397 3877 3589 3940 fueris
3616 3873 3732 3940 im-

2192 3966 2469 4047 pertitus3
2499 3976 2560 4032 et
2581 3983 2890 4030 sacrorum
2919 3968 3147 4056 rituum
3177 3970 3600 4046 uniformitati,
3631 3993 3734 4034 su-

2191 4057 2359 4127 blata
2387 4062 2641 4144 pristina
2666 4063 2987 4138 varietate,
3017 4072 3079 4126 et
3113 4065 3471 4140 Animarum
3503 4066 3733 4142 utilita-

2196 4156 2262 4230 ti,
2287 4166 2346 4218 et
2367 4157 2760 4227 sacerdotalis
2780 4157 3013 4220 ordinis
3031 4158 3314 4241 dignitati
3336 4162 3728 4244 prospexeris.

2192 4251 2330 4334 Qua
2351 4252 2600 4332 quidem
2619 4253 2697 4314 ab
2722 4252 2866 4327 alio,
2892 4272 3080 4333 quam
3101 4273 3139 4316 a
3167 4255 3549 4336 magnanimo
3577 4256 3735 4318 Pou-

2196 4344 2355 4408 tifioe
2378 4346 2750 4408 nobiliorum
2770 4348 2994 4410 artium
3019 4348 3232 4410 studiis
3248 4394 3265 4422 ,
3297 4357 3356 4410 et
3381 4351 3735 4429 prudentiae

2193 4440 2711 4503 dotibus-mirifice
2736 4452 2949 4504 ornato
2981 4441 3120 4504 fieri
3148 4443 3407 4523 potuisse
3435 4443 3733 4526 inficiabi-

2193 4542 2295 4596 tur
2319 4555 2515 4604 nemo.
2547 4536 2789 4598 Habent
2810 4536 3073 4617 profecto
3095 4537 3380 4617 Hispani,
3410 4545 3592 4618 atque
3613 4541 3736 4614 Ιοιι-Ἴ

2194 4627 2407 4703 sitani,
2439 4629 2603 4711 quod
2628 4628 2932 4691 Pontificis
2960 4629 3210 4696 Maximi
3235 4631 3537 4693 Benedicti
3561 4631 3729 4693 XIV.
3775 4639 3781 4644 '

2194 4721 2513 4784 paternam
2540 4741 2794 4802 eamque
2825 4721 3358 4794 cumulatissimam
3389 4723 3734 4787 Beneficen-

2196 4813 2343 4886 tiam
2371 4811 2708 4887 extollant,
2717 4828 2774 4876 a
2806 4834 2938 4895 qua
2951 4814 3209 4904 singulis
3233 4815 3409 4876 annis
3436 4823 3522 4877 tot
3545 4817 3732 4880 sacri-

2195 4887 2472 4969 ficiorum
2503 4909 2697 4970 millia
2717 4909 2794 4971 ad
2819 4897 3220 4984 sublevandos
3248 4909 3483 4973 Fideles
3505 4907 3735 4972 Defun-

2194 5010 2351 5076 ctos,
2381 5012 2690 5085 parentes,
2719 5003 3028 5084 cognatos,
3056 5011 3136 5065 et
3127 5003 3374 5076 amicos
3402 5009 3574 5078 s'uos,
3584 5006 3735 5068 sine

2193 5095 2323 5156 ullo
2343 5115 2456 5157 suo
2472 5096 2782 5177 dispendio
2801 5097 2915 5158 sibi
2945 5098 3187 5164 concedi
3215 5098 3504 5172 sentiunt;
3517 5099 3733 5168 Sacer·

2194 5188 2438 5270 dotibus
2474 5188 2773 5268 siquidem
2813 5197 2874 5251 et
2913 5189 3068 5254 nihil
3113 5191 3458 5272 temporalis
3497 5174 3730 5266 emolu-

2196 5283 2405 5355 menti,
2434 5302 2559 5371 quo
2577 5292 2753 5346 antea
2776 5284 3157 5370 fruebantur,
3181 5286 3517 5364 detractum)
3541 5293 3652 5360 est,
3680 5294 3740 5348 et

2196 5378 2274 5439 ad
2297 5359 2804 5480 praecludendum
2820 5379 3095 5484 avaritiei
3124 5356 3359 5502 aditum
3377 5398 3616 5443 omnem
3637 5379 3736 5444 ni-

2201 5472 2290 5537 hil
2317 5480 2582 5554 auctum.
3255 5505 3262 5510 =
