4487 6316
1023 531 1092 582 36
1783 528 1872 581 DE
1909 525 2397 581 SACROSANCTO
2435 527 2651 579 mssAE
2691 528 3070 582 §.tenu-'1010

836 685 1004 752 aequo
1050 676 1200 736 incer
1244 682 1461 735 caetera
1501 675 1842 736 sanctissimi
1889 673 2058 750 hujus
2098 668 2395 753 Sacrificio·
2443 750 2446 759 η
2498 672 2680 752 digne
2705 674 3029 753 susciperet
3045 688 3073 747 ,·
3092 672 3501 755 gravibusque
3541 676 3921 754 poenitentiis
3959 694 4053 739 ve-

839 768 1185 849 Mysterium
1223 770 1456 847 aliquod
1477 770 1757 830 declarent
1782 816 1798 838 ‚
1825 767 2016 828 diebus
2057 770 2390 851 praesertim
2443 760 2468 789 ⁸
2494 765 2807 829 hemeuter
2835 768 3120 829 Fidelesa
3150 769 3447 849 peccando
3486 769 3668 831 fuisse
3691 772 4007 833 deterritos
4030 817 4048 844 ,

838 860 1151 924 Dominicis
1172 874 1221 923 et
1245 864 1415 942 sestis.
1682 932 1685 933 ⁷
2496 870 2825 943 utrumque
2874 864 3177 926 affirmare
3227 884 3395 943 posse
3417 910 3435 937 ,
3490 874 3562 925 et
3597 865 3658 925 in
3698 875 3954 946 utraque
3986 885 4053 927 re

655 1023 697 1033 Η
956 963 1015 1019 2.
1058 960 1222 1020 inter
1258 958 1698 1039 propositiones
1739 956 2045 1031 Quesnelli
2074 1002 2091 1029 ,
2136 975 2295 1037 quas
2326 956 2390 1017 in
2443 1013 2448 1024 ,
2500 959 2795 1037 praesenti
2824 979 3037 1039 parere
3064 958 3414 1039 disciplinae
3438 981 3741 1041 ‚eamque
3785 971 4050 1023 sanctam

503 1021 797 1123 mitae-²
835 1053 1011 1117 Bulla
1037 1054 1369 1134 Uniqcnitus
1389 1054 1699 1115 damnavit
1724 1053 1998 1115 Clemens
2024 1053 2392 1134 X1.*octoge—
2443 1102 2446 1129 ,
2497 1071 2566 1113 ac
2592 1052 2891 1132 sapienter
2918 1053 3252 1115 institutam
3280 1075 3356 1116 ex
3384 1055 3593 1116 iisdem
3617 1056 3811 1116 causis
3844 1056 4050 1116 existi-

503 1134 797 1181 ⁶¹¹¹⁰⁸“¹¹'⁰⁰‘
834 1147 987 1211 sima
1020 1157 1187 1211 sexta
1222 1156 1349 1210 est:
1386 1150 1627 1229 Eripere
1657 1150 1903 1229 simplici
1929 1151 2134 1229 populo
2167 1149 2267 1208 hoc
2299 1169 2388 1208 so-
2441 1146 2446 1231 ξ
2502 1156 2668 1207 mare
2692 1192 2708 1220 ‚
2739 1144 2902 1228 quae'
2922 1148 3252 1208 Ecclesiam
3284 1148 3362 1209 ad
3389 1154 3521 1210 eam
3556 1149 4051 1211 consuetudinem

749 1225 761 1238 ⁶
842 1246 1045 1305 tatium
1063 1246 1344 1323 junqendi
1371 1265 1549 1304 vocem
1572 1265 1733 1307 suam
1754 1246 1874 1303 voci
1904 1238 2075 1303 totius
2103 1243 2390 1305 Ecclesiae
2441 1254 2446 1298 τ
2499 1240 2898 1304 inducendam
2932 1243 3267 1323 perpulere.

578 961 799 1021 Qua-..m
850 991 855 995 -

833 1350 913 1399 ost
930 1359 1064 1400 usias
1085 1341 1403 1401 contrarius
1421 1342 1604 1419 praxi
1630 1340 1977 1419 Apostolieac
2006 1350 2056 1399 et
2086 1341 2391 1399 intentioni
2439 1312 2446 1458 ἱ

832 1430 960 1493 Dei.
1006 1433 1225 1494 Sensus
1250 1434 1432 1514 hujus
1458 1433 1879 1514 propositionis
1906 1433 2222 1515 multiplex
2255 1441 2342 1495 est
2366 1478 2382 1507 ‚

834 1548 987 1608 quos
1014 1528 1170 1590 inter
1196 1538 1286 1591 est
1318 1529 1498 1607 etiam
1535 1520 1638 1589 ille
1665 1574 1680 1602 ‚
1709 1538 1777 1591 ut
1803 1527 2163 1603 Quesnellus
2191 1527 2384 1609 signi·
2437 1516 2443 1643 i

834 1621 1016 1684 ficare
1068 1623 1328 1685 voluerit
1363 1622 1599 1705 vulgari
1635 1642 1910 1683 sermone
1946 1623 2189 1684 Missam
2228 1623 2392 1683 cele-³

835 1710 1153 1780 brandam:
1187 1738 1310 1799 quo
1338 1739 1516 1781 sensu
1541 1734 1674 1783 eam
1698 1725 2057 1801 acceperuut
2081 1737 2151 1779 ac
2176 1737 2386 1797 repro-

835 1818 1133 1880 baverunt
1152 1824 1392 1877 centum
1412 1806 1749 1875 Galliarum
1770 1811 2042 1892 Episcopi
2070 1811 2132 1872 in
2171 1832 2381 1873 eorum

834 1911 1122 1999 Pastorali
1162 1912 1533 1975 Documento
1558 1954 1575 1982 ,
1631 1916 1692 1970 et
1750 1907 1960 1968 eodem
1994 1925 2169 1967 sensu
2225 1925 2385 1969 acce-

824 2013 989 2087 ptam
1009 2004 1296 2066 refutavit
1314 2003 1410 2065 vir
1429 1997 1779 2064 doctrina‘et
1796 2001 2016 2083 pietate
2038 2001 2381 2080 praeclarus

828 2099 1098 2161 Fontana
1124 2096 1431 2159 Societatis
1455 2097 1597 2157 Jesu
1623 2116 1752 2176 cap.
1788 2101 1846 2154 5.
1880 2095 2228 2174 act-propos.
2274 2101 2374 2155 86.

824 2192 1132 2268 Quesnelli
1161 2211 1296 2274 pag.
1336 2196 1475 2253 816.
1516 2199 1576 2252 et
1603 2211 1727 2271 seq.
1759 2196 1818 2250 et
1855 2188 2106 2270 insignis
2132 2188 2381 2250 Ordinis

820 2288 1227 2350 Eremitarum
1263 2287 1323 2347 S.
1367 2285 1686 2367 Augustini
1725 2283 2064 2364 Theologus
2093 2283 2378 2345 Bellellus

825 2381 888 2443 in
935 2382 1176 2464 egregio
1206 2401 1419 2462 opere,
1468 2400 1590 2461 quo
1626 2378 2054 2441 declarandum
2087 2378 2335 2458 suscipit
2358 2425 2374 2453 ,

819 2469 927 2556 ¹qui
956 2497 1164 2538 sensus
1197 2475 1517 2558 Augustini
1554 2473 1738 2536 fuerit
1764 2473 1839 2534 de
1875 2473 2177 2544 humanae
2206 2482 2380 2535 natue

821 2592 925 2633 rae
950 2572 1326 2652 reparatione
1354 2579 1485 2651 post
1510 2569 1691 2651 primi
1717 2567 1983 2629 hominis
2015 2568 2272 2648 lapsum.
2306 2569 2376 2631 ln

2614 1341 2672 1397 3.
2712 1336 2971 1397 Joannes
2993 1337 3194 1424 ‚Ekius
3218 1383 3234 1411 ,
3272 1337 3378 1418 qui
3417 1345 3581 1399 tanta
3615 1336 3925 1399 doctrinae
3949 1358 4049 1399 co-
4091 1365 4140 1407 ι,
4157 1379 4239 1422 qn·
4262 1365 4381 1423 φῦ,

2488 1429 2587 1509 pia
2621 1431 2858 1511 scripsit
2892 1433 3177 1493 adversus
3211 1433 3544 1519 Luteranos
3569 1479 3583 1506 ,
3621 1434 4053 1513 exprobrant&
4092 1437 4175 1479 ψη
4199 1424 4381 1481 *two-

3905 1528 3908 1531 Α
4092 1479 4227 1521 lorum
4285 1494 4385 1538 pro·

2493 1525 2737 1587 Missam
2772 1546 2809 1591 a
2843 1527 3017 1588 nohis
3048 1527 3262 1589 Latina
3291 1526 3499 1611 lingua
3525 1527 3841 1600 celebrari,
3871 1540 3938 1589 ut
3966 1531 4054 1590 vi-
4093 1538 4224 1579 viuci·
4244 1540 4385 1580 Evn-

2491 1617 2634 1681 dere
2674 1629 2765 1682 est
2807 1620 2870 1680 in
2916 1621 3184 1683 Homilia
3215 1628 3273 1683 3.
3311 1632 3456 1684 tom.
3491 1627 3548 1683 2.
3573 1625 3744 1705 cujus
3765 1624 4052 1688 homiliae
4091 1593 4389 1706 affixam

2492 1713 2885 1805 verbarefert
2907 1716 3255 1798 Raynaldus
3277 1717 3354 1778 ad
3371 1738 3600 1793 annum
3623 1718 3845 1780 Christi
3873 1724 4044 1782 1523.
4122 1723 4361 1809 ᾟιζξζζζ·

2492 1825 2661 1867 num.
2703 1813 2800 1869 61.
2842 1809 3156 1890 Apostolos
3191 1818 3375 1890 atque
3416 1831 3628 1872 eorum
3675 1812 4050 1876 Successores
4089 1823 4386 1890 ”wa-⁶⁸¹·-

2490 1903 2819 1965 arbitratus
2850 1914 2940 1967 est
2970 1922 3163 1987 usque
3195 1906 3269 1967 ad
3317 1906 3610 1968 Hadriani
3662 1909 4048 1988 Imperatoris
4094 1879 4246 1924 ''m‘'

2492 2007 2762 2079 tempora
2788 2001 3035 2062 Missam
3056 2000 3357 2062 Hebraico
3388 2006 3663 2064 sermone
3690 2003 4043 2079 celebrasse3

2487 2101 2548 2155 et
2580 2095 2659 2156 ab
2693 2098 2765 2156 ‘eo
2799 2103 3065 2177 tempore
3096 2097 3386 2185 Graecam
3422 2096 3485 2156 in
3514 2098 3696 2159 rebus
3723 2098 3907 2159 sacris
3935 2100 4049 2162 lin—

2486 2208 2669 2269 guam
2689 2184 2974 2252 adhiberi
2994 2199 3284 2272 coeptam.
3314 2191 3578 2265 Quidam
3599 2193 3947 2256 existimant
3980 2195 4044 2257 in

2485 2303 2652 2346 sacra
2688 2284 2958 2366 Liturgia
2995 2306 3116 2347 non
3144 2287 3294 2348 alias
3322 2286 3560 2369 linguas
3590 2307 3773 2368 quam
3801 2289 4046 2353 aut-La·

2489 2376 2678 2439 tinam
2712 2388 2820 2441 aut
2851 2380 3140 2443 Graecam
3175 2389 3282 2442 aut
3313 2381 3674 2442 Hebraicam
3710 2402 3835 2444 esse
3867 2382 4044 2445 adhi-

2487 2470 2676 2545 bitas,
2710 2472 2776 2533 iu
2808 2473 2989 2533 trium
3025 2474 3371 2555 linguarum
3401 2461 3785 2549 memoriam,
3817 2478 4043 2556 quibus

2483 2564 2876 2649 scriptus'suit
2899 2566 3110 2657 titulus
3139 2567 3485 2629 Dominicae
3510 2569 3671 2629 cruci
3702 2569 4034 2649 impositus.

818 2666 1092 2747 ‘Manuali
1121 2685 1231 2727 suo
1252 2664 1572 2745 scripserat
1588 2663 1914 2744 Episcopus
1938 2661 2377 2743 Rothomagen-
2427 2698 2433 2743 ὅ
2486 2658 2600 2720 Sed
2661 2660 2967 2722 Historiae
3024 2661 3468 2723 Ecclesiasticae
3515 2663 3690 2743 periti
3746 2665 3863 2747 qui·
3909 2684 4040 2727 rem

816 2761 900 2822 sis
923 2761 1067 2823 satis
1096 2760 1475 2840 exploratum
1507 2778 1632 2820 esse
1657 2803 1674 2832 ,
1711 2766 1971 2820 veterem
2007 2757 2069 2818 in
2109 2758 2374 2820 Ecclesia
2427 2749 2433 2761 '
2482 2754 2722 2834 penitus
2755 2754 3068 2835 inspexere
3091 2801 3108 2828 ,
3147 2750 3290 2816 sa'tis
3322 2758 3755 2831 ostenderunt,
3793 2762 4041 2840 Aposto-

818 2876 1049 2918 morem
1093 2855 1434 2917 celebrandi
1479 2854 1724 2915 Missam
1759 2852 2082 2914 vernacula
2120 2852 2328 2934 lingua
2352 2896 2370 2927 ,

815 2968 1001 3030 quam
1026 2969 1233 3011 omnes
1258 2948 1441 3030 vulgo
1476 2946 1899 3027 intelligerent,
1930 2946 2202 3007 omnium
2230 2945 2375 3008 fuis-

814 3063 879 3105 se
904 3042 1578 3105 accommodatissimum
1605 3089 1621 3116 ‚
1651 3050 1722 3103 ut
1746 3060 1923 3102 suum
1959 3041 2217 3121 quisque
2243 3042 2372 3103 ani-

2482 2849 2572 2910 los
2618 2870 2950 2931 eorumque
2993 2851 3365 2913 Successores
3411 2872 3532 2913 non
3579 2854 3756 2916 modo
3799 2854 4039 2935 praedi-

2481 2965 2642 3006 casse
2665 2991 2681 3017 ,
2717 2946 2819 3007 sed
2854 2946 3062 3007 divina
3095 2947 3278 3008 etiam
3311 2947 3502 3009 officia
3538 2950 3862 3012 vernacula
3908 2952 4039 3033 ejus

2480 3040 2687 3121 populi
2724 3040 2932 3123 lingua
2963 3042 3322 3116 celebrasse,
3361 3044 3520 3123 apud
3555 3063 3736 3123 quem
3764 3046 4038 3128 Evange-

815 3158 984 3200 mum
1004 3138 1079 3200 ad
1101 3136 1472 3200 Sacrificium
1499 3144 1903 3219 praepararet.
1931 3136 2129 3211 Quam
2149 3155 2370 3217 propo-
2482 3134 2632 3197 lium
2665 3137 3112 3218 praedicabant3
3150 3137 3404 3219 ideoque
3437 3138 3501 3200 in
3535 3138 3901 3203 occidentali
3931 3143 4040 3205 Ec-

812 3232 1093 3295 sitionem
1145 3232 1395 3313 quidam
1448 3240 1738 3312 tanquam
1782 3232 2070 3292 audacem
2104 3230 2370 3292 confixe-

814 3337 978 3390 runt.
1014 3328 1154 3389 Fuit
1182 3336 1380 3389 tamen
1407 3327 1515 3407 qui
1542 3346 1676 3387 eam
1702 3325 2136 3387 defendendam
2170 3345 2367 3388 susce-

808 3424 907 3506 pit
925 3446 941 3497 ;
970 3443 1168 3505 neque
1192 3423 1357 3484 enim
1394 3430 1553 3483 recte
1588 3421 1730 3482 inde
1768 3420 2025 3482 insertur
2049 3465 2065 3493 ‚
2093 3420 2254 3483 hanc
2288 3422 2366 3483 ab

810 3518 920 3580 illo
948 3518 1348 3599 improbatam
1382 3505 1567 3581 fuisse
1604 3514 1915 3596 Ecclesiae,
1938 3516 2177 3596 praxim
2210 3516 2364 3578 cele-

811 3612 1028 3676 brandi
1059 3611 1302 3674 Missam
1330 3612 1540 3696 lingua
1563 3657 1580 3685 ,
1609 3631 1793 3691 quam
1831 3609 2088 3690 populus
2115 3629 2235 3671 non
2275 3610 2365 3672 in-

810 3706 1051 3787 telligit,
1078 3714 1187 3780 ut,
1217 3705 1267 3766 si
1294 3706 1432 3785 quis
1457 3705 1701 3779 diceret,
1724 3703 1961 3765 facilius
1987 3703 2365 3771 Christianos

811 3802 1100 3886 gravibus
1132 3801 1384 3883 peccatis
1409 3821 1471 3861 se
1496 3799 1874 3872 abstinuisse,
1910 3818 2048 3860 cum
2074 3798 2365 3861 diuturna

810 3909 873 3961 et
895 3917 1103 3978 aspera
1108 3894 1498 4054 tpoenitentia
1531 3886 1788 3957 crimina
1825 3894 2234 3975 puniebantur
2259 3941 2276 3968 ,
2310 3894 2362 3956 is

808 3993 1075 4075 profecto
1153 3991 1227 4053 ici
1256 4012 1385 4054 non
1429 3999 1625 4070 posset
1657 3999 2029 4071 praesentem
2065 3989 2362 4051 Ecclesiae

805 4108 948 4171 erga
975 4086 1344 4169 poenitentes
1367 4085 1805 4166 indulgentiam
1836 4084 2222 4165 improbasse.
2258 4084 2364 4145 vi-

804 4183 1020 4246 deatur
1051 4184 1274 4245 Auctor
1302 4188 1588 4246 tractatus
1621 4181 1696 4242 de
1719 4180 1947 4260 optimo
1984 4179 2227 4240 Missam
2258 4199 2364 4240 au-

796 4277 1007 4340 ‘diendi
1038 4276 1215 4352 modo
1253 4273 1496 4336 Parisiis
1522 4274 1681 4336 edito
1713 4293 1876 4336 auno
1916 4279 2089 4335 1681.
2122 4291 2254 4354 cap.
2295 4278 2355 4334 6.

805 4392 944 4456 pag.
977 4377 1115 4433 231.
1147 4379 1209 4433 et
1240 4389 1364 4450 seq·-
1415 4369 1523 4430 ubi
1547 4369 1846 4450 sapienter
1873 4378 2078 4431 monet
2100 4415 2116 4443 ,
2146 4389 2363 4450 quem-

802 4468 1132 4532 admodum
1178 4465 1438 4527 Ecclesia
1465 4510 1482 4539 ,
1538 4481 1699 4545 quae
1755 4463 2120 4546 intelligeret
2150 4465 2364 4527 utilius

806 4545 1260 4650 esseflFidelium
1285 4560 1505 4628 animis
1530 4560 1608 4627 ad
1636 4558 2076 4621 Eucharistiam
2109 4579 2364 4640 praepa-

806 4649 1036 4732 randis3
1056 4655 1250 4735 iisque
1275 4674 1309 4716 a
1331 4653 1564 4716 nefaria
1589 4653 1785 4715 vitaet
1806 4650 1980 4716 foeda
1993 4655 2364 4729 revocandis,

810 4753 1058 4816 Missam
1092 4749 1414 4812 vernaculo
1448 4747 1739 4810 celebrari
1767 4767 2042 4809 sermone
2065 4793 2081 4821 ‚
2119 4763 2364 4833 graves-

805 4867 926 4930 que
957 4844 1352 4936 poenitentias
1389 4842 1695 4925 infligere,
1736 4841 1933 4924 potuit
1959 4850 2157 4904 tamen
2180 4843 2376 4926 justis·

806 4951 867 5006 et
885 4941 1172 5024 gravibus
1192 4938 1387 5002 causis
1409 4983 1427 5011 ,
1464 4954 1533 4999 ac
1558 4937 1788 5018 optimo
1813 4936 2191 5019 sapientique
2222 4957 2362 4999 con-

806 5039 943 5116 silio
977 5037 1175 5099 sinere
1197 5082 1214 5108 ‚
1248 5042 1318 5096 ut
1356 5033 1537 5096 Missa
1573 5032 1637 5093 in
1685 5033 1894 5094 eadem
1942 5032 2155 5115 lingua
2180 5079 2196 5107 ,
2239 5037 2362 5113 qua

806 5143 1005 5206 antea,
1037 5131 1476 5202 celebraretur,
1507 5128 1644 5190 licet
1669 5128 1928 5209 populus
1953 5148 2073 5190 non
2098 5128 2364 5210 amplius

807 5248 941 5291 eam
962 5228 1234 5309 linguam
1269 5223 1604 5305 intelligat,
1633 5232 1695 5285 et
1730 5223 1991 5285 multum
2027 5222 2103 5284 de
2139 5222 2362 5285 veteris

774 5321 1208 5406 poenitentiae
1247 5311 1449 5400 rigore
1493 5317 1844 5392 remittere;
1889 5318 1974 5379 ita
2016 5337 2197 5391 eum,
2252 5316 2360 5399 qui

808 5419 1086 5491 affirmet,
1114 5415 1386 5498 linguam
1405 5414 1629 5496 populo
1654 5407 1954 5496 cognitam
1970 5412 2195 5494 optime
2216 5412 2363 5474 fuis-

806 5534 870 5576 se
924 5509 1366 5575 accomodatam
1390 5557 1408 5586 ,
1451 5528 1574 5595 quo
1611 5509 1872 5594 quisque
1916 5506 2361 5572 Eucharistiam

2476 3230 2660 3293 clesia
2689 3233 2903 3294 Latino
2940 3234 3227 3295 Sermone
3261 3254 3399 3295 usos
3422 3280 3438 3308 ‚
3476 3234 3580 3314 qui
3629 3243 3758 3296 tum
3803 3245 4033 3319 tempo-

2478 3324 2562 3385 ris
2595 3327 2955 3387 vernaculus
2972 3334 3100 3388 erat
3120 3327 3516 3408 omniumque
3540 3331 3893 3390 communis
3934 3331 4040 3394 Vi·

2474 3419 2550 3481 de
2584 3421 2748 3481 Bona
2784 3423 2923 3483 Rer.
2963 3421 3321 3502 Liturgicar.
3363 3421 3469 3483 lib.
3501 3427 3556 3483 1.
3580 3442 3710 3503 cap.
3739 3431 3795 3485 5.
3825 3446 3929 3486 nu.
3970 3431 4029 3488 4.

2475 3513 2812 3593 Bocquillot
2862 3514 3172 3595 Liturgiae
3214 3514 3321 3575 lib.
3374 3519 3428 3575 1.
3460 3536 3589 3596 cap.
3627 3522 3721 3578 11.
3758 3519 3840 3580 Le
3866 3519 4034 3582 Brun

2474 3616 2618 3669 tom.
2658 3612 2715 3669 4.
2757 3628 2893 3690 pag.
2933 3613 3071 3669 201.
3112 3609 3386 3670 Martene
3417 3609 3494 3671 de
3526 3611 3800 3693 antiquis
3827 3613 4033 3677 Eccle-

2472 3703 2597 3764 siae
2629 3703 2869 3766 Ritibus
2895 3703 3005 3765 lib.
3051 3708 3105 3763 1.
3145 3722 3275 3784 cap.
3318 3704 3376 3766 3‘.
3415 3713 3532 3766 art.
3574 3711 3632 3766 2.

2592 3801 2652 3859 4.
2691 3797 3057 3878 Quanquam
3091 3816 3236 3858 vero
3271 3796 3345 3858 iis
3368 3844 3384 3870 ‚
3423 3817 3581 3878 quae
3612 3799 3900 3863 hactenus
3933 3803 4030 3865 di-
4071 3817 4213 3860 ιοαιι

2471 3891 2674 3952 ximus
2699 3937 2716 3965 ,
2747 3893 2987 3954 obstare
3021 3892 3297 3954 videatur
3329 3895 3420 3961 D.¹
3443 3895 3764 3975 Augustini
3799 3899 4030 3978 Episto-
4069 3945 4114 3975 n

2471 3986 2529 4048 la
2558 3991 2655 4048 74.
2695 3987 2773 4048 ad
2800 3987 3108 4049 Novatum·
3128 3987 3509 4074 Episcopum,
3542 3989 3605 4049 in
3635 4009 3757 4070 qua
3785 3993 3862 4053 ad
3888 4014 4029 4057 eum
4069 3991 4364 4035 mm·

2468 4081 2718 4156 scribit,
2756 4101 2818 4143 se
2852 4082 3017 4144 illius
3051 4082 3300 4145 fratrem
3350 4083 3651 4145 Lucillum
3697 4087 4031 4152 Diaconum

2470 4175 2630 4256 domi
2652 4196 2796 4262 suae
2817 4175 3097 4250 retinere,
3121 4178 3285 4256 quod
3296 4177 3574 4266 Latinam
3597 4179 3869 4262 linguam
3893 4202 4030 4244 nos-

2469 4280 2590 4350 set,
2627 4274 2798 4355 cujus
2830 4271 3006 4351 periti
3035 4272 3142 4352 qui
3176 4281 3409 4346 essent,
3455 4273 3779 4336 admodum
3812 4295 4032 4357 paucos

2469 4367 2590 4429 illis
2605 4367 2957 4449 regionibus
2975 4366 3239 4447 reperire
3263 4376 3415 4429 erat:
3430 4367 3546 4429 Sed
3566 4390 3695 4430 cum
3718 4373 3901 4434 latina
3922 4375 4032 4436 lin·-

2470 4478 2585 4541 9ua
2610 4511 2625 4533 ,
2659 4463 2820 4541 cujus
2847 4464 3043 4543 inopia
3071 4464 3137 4522 in
3164 4464 3370 4523 nostris
3411 4466 3726 4542 regionibus
3763 4467 4032 4549 Evanqs-

2475 4559 2585 4618 lica
2622 4558 2959 4637 dispensatio
2996 4557 3240 4616 mullum
3290 4557 3509 4620 laborat
3528 4580 3553 4627 ,·
3604 4567 3804 4622 tamen
3852 4582 4031 4627 nemo

2473 4659 2582 4726 est,
2618 4649 2768 4732 quin
2805 4650 3027 4725 videat,
3065 4650 3264 4712 locum
3295 4649 3460 4713 hunc
3493 4654 3774 4736 nonnihil
3810 4655 4025 4739 imple-

2473 4765 2663 4806 xum:
2709 4766 2832 4807 non
2874 4745 3038 4808 enim
3081 4756 3211 4819 est,
3256 4764 3379 4825 quo
3425 4748 3609 4811 verba
3654 4747 4030 4818 illslaeina

2476 4841 2674 4918 linqua
2706 4839 2918 4923 referri
2950 4839 3210 4920 possint3
3246 4838 3431 4920 idque
3463 4841 3592 4915 est,
3629 4848 4026 4923 quamobrem

2472 4934 2879 4996 emendandus
2896 4934 3260 5015 quibusdam
3294 4935 3459 4996 locus
3492 4935 3597 4998 ille
3615 4938 3690 4999 ad
3711 4938 3875 5003 hunc
3898 4963 4027 5005 mo-

2473 5030 2619 5091 dum
2653 5030 2967 5092 videatur:
3007 5028 3122 5090 Sed
3163 5050 3291 5090 cum
3335 5029 3588 5092 Punicae
3631 5035 3857 5114 linquae
3900 5039 4027 5098 ino-

2464 5122 2571 5207 pia
2604 5127 2666 5184 in
2702 5127 2906 5186 nostris
2946 5126 3263 5203 reqionibus
3305 5125 3655 5206 Ecanqetica
3689 5129 4027 5210 dispensatio

2470 5219 2715 5280 omitum
2752 5220 2980 5282 laboret.
3023 5220 3102 5284 Et
3137 5214 3286 5280 ‘sane
3322 5218 3483 5280 idem
3519 5221 3591 5280 D.
3646 5221 4025 5303 Augustinus

2470 5333 2747 5377 sermone
2778 5315 2854 5376 de
2878 5313 3081 5376 verbis
3108 5313 3372 5395 Apostoli
3401 5319 3540 5376 167.
3573 5315 3723 5379 alias
3753 5323 3852 5380 24.
3885 5341 4025 5384 cum

2470 5413 2546 5475 ad
2582 5411 2874 5493 populum
2908 5410 3356 5494 Hipponensem
3383 5425 3721 5474 sermonem
3748 5414 4018 5492 haberet,

2469 5514 2531 5570 et
2564 5506 2848 5571 Africano
2888 5506 3072 5570 vellet
3102 5499 3193 5570 uti
3225 5504 3549 5587 proverbio
3570 5551 3589 5582 ,
3636 5507 3768 5575 ait:
3815 5507 4024 5575 Latino
