4487 6316
1847 486 2177 539 API‘ENDIX
2210 484 2340 538 xxi.

478 637 591 691 nte
627 631 989 699 mutamus,
1032 631 1169 690 dum
1198 641 1395 691 sancta
1430 630 1750 709 Evangelio
1792 631 1853 690 in
1894 629 2012 688 Ec·

475 725 646 784 etesia
687 727 1032 794 recitantur,
1062 737 1125 785 ut
1168 724 1525 795 Sacerdotes,
1555 736 1608 785 ct
1648 727 1813 784 ceteri
1839 743 2022 783 ouancs

471 829 818 896 praesentes,
863 841 978 878 non
1016 822 1298 891 sedeam,
1327 821 1419 879 sed
1449 821 1838 879 venerabiliter
1862 821 2024 878 curvi

478 910 545 968 in
583 923 872 990 συνωμοσία
900 912 1207 991 Econqelii
1235 925 1478 984 stantes,
1523 912 1821 972 Dominica
1858 913 2023 972 zerbo

477 1004 686 1063 intente
712 1005 986 1076 audiant,
1019 1017 1069 1065 cl
1103 1007 1343 1086 fide-liter
1370 1007 1625 1066 adorent.

599 1097 679 1158 X.
712 1098 918 1178 Neque
946 1117 1141 1160 sermo
1173 1101 1359 1161 Nobis
1395 1109 1483 1161 est
1521 1102 1596 1162 de
1629 1098 2021 1207 dispensatio-

484 1210 562 1251 ne
593 1192 671 1253 ad
698 1192 1118 1256 celebrandam
1144 1194 1386 1256 Missam
1416 1214 1451 1255 a
1489 1195 1760 1267 sedente,
1790 1194 1896 1274 qui
1934 1202 2023 1254 ta-

484 1303 623 1347 men
653 1287 955 1348 Canonem
987 1300 1151 1350 stans
1183 1289 1487 1362 absolvat,
1518 1289 1678 1369 quod
1708 1289 1857 1350 alias
1882 1308 2025 1348 con-

484 1399 711 1441 cessum
738 1381 989 1454 scitum,
1020 1384 1123 1445 sed
1151 1384 1351 1465 agitur
1379 1384 1453 1445 de
1480 1383 1711 1464 integra
1739 1382 1919 1443 Missa
1942 1402 2027 1442 se-

483 1474 679 1537 dendo
722 1475 1081 1539 celebranda
1101 1523 1117 1549 ,
1151 1480 1321 1560 cujus
1358 1477 1699 1557 exemplum
1728 1476 1889 1537 haud
1920 1496 2026 1535 ex-

486 1577 616 1634 tare
669 1570 913 1631 dicitur:
967 1572 1360 1653 Pasqualigus
1403 1574 1470 1632 de
1516 1571 1813 1654 Sacrificio
1855 1590 2028 1631 novae

481 1662 646 1742 Leqis
686 1665 855 1724 Tom.
895 1669 948 1724 1.
983 1674 1214 1744 quaest.
1247 1671 1384 1726 227.
1416 1665 1677 1745 quaerit;
1720 1665 1816 1725 Aa
1842 1684 2026 1725 sacer-

480 1759 577 1818 dos
608 1759 742 1817 dum
780 1761 1011 1819 celebrat
1032 1808 1047 1829 ,
1077 1762 1257 1820 sedere
1282 1764 1485 1840 possit?
1529 1765 1725 1840 Atque
1756 1759 2028 1841 negative

481 1852 784 1913 resolvens
812 1862 1055 1934 propter
1082 1855 1417 1916 obstantem
1448 1855 1924 1926 irreverentiam,
1950 1854 2027 1915 ad

483 1946 863 2009 Pontificiam
917 1949 1421 2028 dispensationem
1471 1950 1785 2011 deflectens
1836 1968 2026 2029 quae-

477 2040 767 2112 stionem,
814 2042 932 2113 ait,
974 2041 1142 2126 illam
1189 2061 1309 2104 non
1349 2053 1626 2123 oportere
1665 2044 1908 2105 concedi
1947 2043 2022 2105 ad

480 2134 776 2216 integram
821 2136 1064 2198 Missam
1085 2186 1101 2208 ,
1134 2138 1590 2199 convenientius
1624 2138 1781 2211 fore,
1824 2138 1872 2198 si
1896 2139 2025 2200 ⁴Sa·

478 2232 685 2292 cerdos
710 2233 790 2292 oh
819 2231 1037 2310 pedum
1064 2232 1434 2295 debilitatem
1469 2234 1546 2295 ad
1573 2234 1863 2315 integram
1888 2233 2027 2294 Mis-

478 2342 605 2385 sam
625 2324 938 2386 absolvere
954 2333 1212 2405 nequeat
1227 2326 1567 2388 intermisso
1590 2327 1876 2406 tantisper
1890 2346 2028 2387 con·

479 2418 651 2480 tinuo
675 2419 909 2491 ordine,
940 2420 1199 2482 sedendo
1227 2421 1386 2483 vires
1413 2430 1695 2483 resumat.
1726 2421 1928 2496 Satius
1949 2442 2027 2482 cs·

474 2524 587 2582 sot,
613 2516 761 2591 quod
782 2517 971 2594 potius
999 2518 1425 2596 interrutotperet
1452 2517 1693 2577 Missam
1712 2565 1726 2585 ,
1760 2528 1808 2576 c!
1840 2519 2026 2577 sedem

478 2609 773 2684 quiesceret
815 2609 891 2668 ad
935 2611 1343 2688 recuperandas
1400 2613 1542 2670 vires
1585 2623 1756 2689 quam
1797 2612 2027 2671 sedendo

477 2703 794 2762 celebraret.
850 2703 918 2764 Id
957 2703 1121 2783 quod
1162 2703 1294 2765 fieri
1342 2704 1606 2772 vidimus
1652 2706 1732 2766 ab
1777 2704 2024 2767 homine

478 2786 611 2874 pio,
657 2803 718 2857 et
746 2796 918 2857 docto
953 2797 1319 2877 Inquisitore
1360 2799 1682 2870 Perusino,
1716 2800 1821 2878 qui
1847 2802 2025 2881 juxta

478 2899 745 2952 tenorem
791 2893 1072 2954 obtentae
1106 2891 1570 2972 dispensationis
1610 2913 1790 2954 omne
1832 2893 2030 2955 absol-

478 2986 675 3046 vendo
701 2986 929 3047 Canoni
974 2995 1206 3066 tempus
1231 2987 1474 3067 explere
1500 2989 1712 3049 stando
1755 3009 1873 3049 non
1916 3008 2023 3069 po-

481 3088 667 3152 terat,
697 3081 953 3161 pedibus
978 3080 1247 3141 officium
1274 3100 1452 3142 suum
1483 3083 1939 3165 denegantibus.

597 3175 709 3235 xl.
766 3176 1082 3255 Superssua
1130 3175 1284 3238 forte
1326 3177 1693 3239 videbuntur
1735 3177 2022 3239 hactenus

475 3268 733 3330 adducta
766 3279 973 3330 contra
1004 3270 1248 3331 Missam
1283 3270 1706 3343 sedentariam,
1752 3291 2021 3351 praeser-

477 3363 585 3424 tim
626 3364 677 3423 si
720 3364 794 3424 de
834 3363 1075 3426 Canone
1117 3364 1342 3442 pariter
1380 3384 1575 3426 sermo
1621 3366 2017 3440 instituatur;

474 3475 612 3517 cum
640 3457 918 3517 sessionis
945 3456 1276 3536 prohibitio
1318 3477 1437 3518 non
1466 3478 1502 3520 a
1532 3459 1687 3539 Lege
1714 3459 1977 3521 Naturae
1999 3505 2017 3532 ,

474 3559 581 3612 aut
605 3552 743 3622 Dei,
777 3550 879 3612 sed
924 3551 1180 3631 positiva
1218 3551 1595 3613 solummodo
1625 3551 1865 3616 inducta
1897 3553 1975 3614 sit
2003 3573 2019 3613 ε

474 3643 751 3704 Pontifex
793 3653 995 3705 autem
1040 3645 1346 3706 Romanus
1381 3640 1547 3706 omni
1588 3645 1847 3725 positivo
1879 3648 2020 3726 jure

471 3735 551 3797 sit
575 3737 871 3816 superior,
894 3735 1179 3797 facillime
1198 3737 1393 3797 eidem
1414 3738 1758 3819 derogando
1778 3738 2019 3799 veniam

476 3830 671 3893 facere
699 3830 918 3910 poterit
943 3830 1187 3891 Missam
1220 3849 1503 3905 omnem,
1529 3832 1849 3913 ipsumque
1868 3833 2019 3895 adeo

474 3923 775 3986 Canonem
800 3915 1059 3985 sedendo
1090 3924 1459 3986 absolvendi.

592 4020 733 4079 ΧΠ.
767 4021 845 4079 At
888 4037 1031 4079 vero
1069 4012 1409 4080 meminisse
1444 4028 1710 4098 oportet,
1753 4039 1880 4081 esse
1918 4040 2018 4082 ca-

474 4128 575 4173 sus
601 4111 772 4171 nullo
797 4119 903 4172 aut
934 4111 1231 4183 Naturae,
1263 4118 1370 4172 aut
1396 4110 1617 4172 Divino
1644 4114 1784 4193 jure
1810 4112 2018 4192 prohi-

476 4207 676 4277 bitos,
723 4205 785 4265 in
834 4204 1058 4285 quibus
1103 4214 1300 4265 tamen
1346 4194 1621 4265 Pontifex
1668 4206 2017 4285 neutiquam

474 4300 820 4381 dispensare
860 4298 1199 4371 consuevit,
1245 4298 1523 4378 quamvis
1564 4298 1671 4359 soli
1730 4299 2018 4379 positivae

474 4395 616 4477 Legi
645 4394 1061 4474 derogaturus.

594 4488 766 4548 XIII.
820 4487 953 4546 Non
998 4485 1279 4568 convenit
1326 4485 1482 4546 inter
1522 4483 1894 4567 Theologos‚
1936 4505 2017 4548 an

474 4581 926 4644 matrimonium
968 4579 1126 4641 inter
1174 4579 1420 4640 fratrem
1464 4587 1524 4639 et
1554 4598 1854 4651 sororem,
1876 4581 2017 4660 jure

474 4676 771 4749 naturali,
822 4674 1041 4735 Divino
1067 4719 1082 4745 ,
1129 4673 1220 4734 vel
1269 4673 1535 4735 humano
1578 4674 2012 4752 prohibeatur:

474 4772 646 4834 Certe
670 4772 731 4832 S.
763 4770 1044 4841 Thomas,
1071 4767 1393 4842 Gonzalez‚
1427 4768 1693 4840 PontiuS,
1726 4768 2011 4842 Parisius,

472 4873 531 4928 et
562 4867 788 4927 Aversa
837 4862 1026 4924 solam
1064 4862 1222 4943 juris
1267 4862 1503 4942 positivi
1547 4861 2016 4941 prohibitionem

472 4966 832 5040 agnoscunt3
865 4976 1060 5036 neque
1090 4966 1288 5018 tamen
1316 4955 1443 5016 ullo
1471 4957 1721 5037 probato
1752 4956 2014 5017 testimo-

473 5052 577 5112 nio
622 5051 950 5122 evincitur,
999 5069 1035 5111 a
1085 5049 1370 5129 quopiam
1400 5048 1686 5110 Pontifice
1726 5049 2013 5111 admissas

471 5145 655 5207 fuisse
711 5163 910 5223 preces
962 5142 1167 5204 fratris
1195 5188 1211 5214 ,
1258 5152 1318 5204 et
1364 5143 1588 5203 sororis
1631 5142 2009 5213 =matrimonii

472 5238 716 5301 vinculo
757 5237 1013 5298 invicem
1050 5236 1229 5317 ligari
1266 5236 1631 5316 petentium:
1659 5257 1817 5318 quae
1849 5237 2011 5298 enim

470 5354 509 5396 a
535 5335 786 5394 Sanctae
809 5331 978 5391 Sedis
1004 5331 1277 5392 hostibus
1304 5330 1693 5411 proferuntur
1713 5331 2010 5413 exempla,

474 5427 623 5491 falsa
676 5431 836 5487 sunt.
893 5423 1120 5486 Institit
1167 5423 1442 5504 equidem
1496 5424 1794 5487 Henricus
1848 5426 2011 5488 vlu.

3371 487 3475 538 373

2129 628 2380 711 Angliae
2405 629 2533 689 Rex
2555 629 2936 704 vehementer
2956 629 3118 707 apud
3133 628 3503 691 Clementem
3524 629 3661 688 Vll.

2130 732 2198 784 ut
2226 722 2433 804 spurio
2465 722 2651 802 ipsius
2687 722 2815 783 filio
2843 722 2993 783 Duoi
3021 719 3523 784 Richemundensi
3552 722 3678 782 du·-

2130 838 2265 878 cere
2309 817 2512 877 liceret
2537 817 2827 890 Mariam,
2873 838 2907 878 e
2954 817 3236 898 legitimo
3271 817 3513 877 Henrici
3543 863 3574 887 ,.
3610 825 3672 877 et

2133 910 2494 973 Catharinae
2548 911 2721 972 thoro
2752 921 3148 992 prognatam„
3184 912 3483 992 repulsam
3529 931 3672 973 vero

2134 1005 2272 1066 tulit
2294 1005 2490 1076 illico;
2520 1005 2798 1066 similiter
2822 1005 3183 1086 dispensatio
3212 1005 3349 1078 illa,
3372 1008 3543 1087 cujus
3569 1006 3674 1067 ob-

2132 1109 2297 1161 tentu
2344 1103 2482 1161 Dux
2516 1101 2992 1161 Armeniacensis
3034 1100 3234 1161 Sorori
3280 1121 3423 1163 suae
3456 1119 3677 1182 nupse-

2133 1203 2250 1266 rat;
2274 1194 2630 1273 subreptitia
2655 1194 2904 1255 omnino
2930 1203 3082 1266 erat,
3108 1214 3242 1256 cum
3265 1195 3535 1256 Calixtus
3558 1197 3668 1257 Ill.

2133 1297 2471 1349 constanter
2495 1308 2651 1349 ·eam
2702 1289 3024 1349 concedere
3071 1290 3453 1350 recusaverit.
3513 1290 3679 1351 Haec

2135 1382 2382 1443 uberius
2420 1383 2640 1455 relata,
2689 1392 2748 1444 et
2793 1384 3177 1464 comprobata
3209 1385 3469 1463 reperies
3513 1385 3676 1465 apud

2136 1476 2483 1556 Rigantium
2534 1476 2598 1537 in
2649 1478 2793 1558 Reg.
2834 1480 2930 1538 49.
2981 1476 3385 1538 Cancellariae
3429 1498 3464 1538 a
3503 1497 3669 1538 num.

2141 1575 2233 1631 13.
2266 1570 2344 1631 ad
2377 1575 2470 1630 17.
2504 1571 2742 1650 Nosque
2776 1569 2892 1630 viri
2941 1569 3123 1652 hujus
3169 1570 3536 1632 mentionem
3565 1571 3678 1632 ho·

2137 1663 2449 1725 notificam
2476 1684 2547 1725 eo
2577 1664 2825 1725 facimus
2847 1664 3165 1737 libentius,
3194 1664 3355 1744 quod
3388 1674 3678 1738 nostram,

2135 1758 2280 1818 dum
2309 1760 2373 1817 in
2417 1759 2727 1817 minoribus
2776 1777 3037 1818 &emus
3083 1758 3388 1819 constituti
3419 1804 3436 1831 ,
3467 1758 3676 1820 amici-

2138 1853 2281 1914 tiam
2317 1847 2677 1933 peculiarem
2711 1849 3123 1933 singularibus
3167 1852 3354 1913 animi
3389 1853 3629 1918 dotibus
3656 1898 3674 1926 ,

2132 1956 2192 2009 et
2225 1947 2543 2008 utilissimo
2578 1946 2821 2008 illarum
2852 1964 2965 2007 usu
2992 1947 3109 2007 sihi
3139 1947 3553 2009 vindicaverit.

2255 2041 2420 2101 xw.
2478 2041 2933 2102 Matrimonium
2994 2040 3058 2101 in
3116 2041 3313 2122 primo
3364 2041 3680 2104 affinitatis

2133 2135 2324 2217 gradu
2353 2134 2547 2196 lineae
2574 2142 2765 2197 rectae
2784 2138 2924 2216 jure
2951 2143 3184 2197 tantum
3211 2135 3466 2216 positivo
3499 2137 3681 2197 inter-

2134 2229 2378 2302 dicitur,
2403 2228 2731 2308 asseritque
2751 2229 2976 2290 Silvius
2997 2230 3196 2312 magni
3216 2230 3477 2292 nominis
3490 2230 3679 2292 Theo-

2135 2322 2306 2404 logus
2327 2369 2344 2395 ,
2377 2321 2726 2384 Pontificem
2769 2323 3113 2403 dispensare
3140 2345 3309 2404 posse
3336 2345 3473 2385 cum
3502 2323 3676 2387 vitri-

2131 2437 2230 2491 co,
2260 2426 2321 2479 et
2369 2417 2684 2498 privigna3
2734 2416 2809 2477 ad
2847 2417 3008 2478 hunc
3061 2437 3204 2482 vero
3235 2418 3391 2479 diem
3426 2416 3678 2479 Pontifi-

2134 2531 2273 2573 cum
2301 2511 2508 2572 nullus
2530 2511 2762 2583 extitit,
2790 2510 2897 2592 qui
2925 2532 3001 2572 ex
3025 2532 3201 2572 causa
3232 2512 3414 2572 etiam
3446 2511 3678 2594 gravis-

2134 2603 2287 2666 sima
2325 2603 2758 2684 dispensaverit
2786 2604 2847 2664 in
2898 2603 3440 2684 primofasfinitatis
3483 2605 3677 2685 gradu

2135 2699 2330 2760 lineae
2359 2707 2587 2772 rectae,
2619 2708 2797 2779 prout
2828 2706 3130 2759 ostensum
3160 2717 3196 2760 a
3231 2698 3416 2760 Nobis
3445 2708 3532 2759 est
3562 2698 3671 2759 lib.

2135 2800 2192 2854 9.
2226 2794 2310 2854 Dc
2339 2793 2569 2874 Synodo
2596 2793 3084 2930 Diocccsanacap.
3122 2797 3215 2854 13.
3251 2813 3311 2852 η.
3340 2797 3398 2853 4.
3429 2794 3561 2853 edit.
3584 2814 3681 2854 no-

2131 2891 2259 2949 viss.

2253 2982 2389 3043 XV.
2429 2982 2932 3062 Impedimentum
2959 2984 3214 3042 criminis
3246 2989 3448 3044 secuta
3492 2983 3674 3045 etiam

2130 3076 2402 3158 conjugis
2427 3077 2719 3138 occisione
2746 3076 3002 3156 positivo
3020 3077 3160 3157 jure
3185 3085 3274 3137 est
3299 3076 3669 3150 stabilitum,

2132 3172 2295 3251 quod
2345 3179 2508 3251 patet
2558 3192 2633 3232 ex
2678 3171 2974 3233 Hebraica
3023 3172 3178 3252 Lege
3225 3171 3677 3234 matrimonium

2131 3273 2266 3346 post
2291 3265 2565 3346 copulam
2586 3314 2602 3337 ‚
2632 3275 2693 3326 et
2736 3266 3005 3346 conjugis
3050 3265 3406 3327 occisionem
3435 3267 3678 3329 irritum

2130 3380 2254 3420 non
2285 3371 2659 3441 agnoscente:
2693 3368 2874 3438 atque
2900 3358 3012 3438 ipsi
3052 3360 3240 3437 probe
3269 3361 3672 3435 meminimus,

2131 3456 2412 3535 rejectam
2440 3473 2566 3515 esse
2592 3473 2628 3514 a
2656 3451 2970 3514 Tribunali
2995 3452 3196 3514 Sancti
3225 3453 3448 3527 Officii,
3485 3456 3582 3515 cui
3613 3459 3677 3517 in

2130 3550 2440 3607 mium-ibus
2485 3568 2520 3609 a
2546 3546 2813 3608 consiliis
2859 3564 3099 3607 eramus
3125 3592 3141 3619 ,
3190 3548 3537 3627 petitionem
3565 3552 3673 3611 Ju-

2129 3642 2261 3703 daei
2321 3641 2630 3721 cujusdam
2684 3642 2940 3700 criminis
2996 3640 3489 3720 impedimentum
3551 3645 3672 3706 He·

2132 3737 2453 3797 braeorum
2496 3734 2897 3797 matrimoniis
2942 3754 3244 3814 opponere
3292 3737 3547 3799 volentis
3570 3785 3587 3811 ,
3620 3740 3671 3801 si

2127 3836 2261 3910 post
2281 3827 2552 3909 conjugis
2575 3826 2929 3888 occisionem
2954 3827 3205 3890 fuissent
3225 3839 3547 3893 contracta.
3572 3833 3675 3895 Sa·

2128 3943 2204 3985 ne
2232 3942 2408 3983 nemo
2431 3922 2678 3983 Davidis
2704 3941 2841 3983 cum
2865 3922 3194 4007 Bethsabea
3216 3925 3671 3988 matrimonium

2129 4016 2371 4078 irritum
2406 4016 2684 4088 tradidit,
2719 4035 3072 4096 quanquam
3103 4018 3467 4079 adulterium
3503 4039 3672 4099 prae-

2126 4111 2401 4184 cesserit,
2434 4118 2493 4171 et
2523 4110 2701 4172 Uriae
2726 4110 3082 4172 interfectio.
3114 4113 3264 4174 Cum
3298 4113 3501 4197 itaque
3542 4135 3669 4177 ma-

2129 4204 2479 4265 trimonium
2511 4204 2799 4285 ejusmodi
2824 4206 2964 4287 jure
2992 4205 3189 4266 solum
3237 4207 3492 4287 positivo
3527 4229 3666 4288 pro-

2126 4298 2442 4371 hibeatur,
2492 4299 2643 4359 adeo
2683 4297 3420 4380 difficulter-dispensatio
3454 4322 3664 4364 conce·

2126 4393 2321 4454 denda
2345 4413 2452 4454 nec
2479 4392 2707 4463 fuisset,
2734 4412 2841 4453 nec
2867 4401 3038 4464 esset,
3072 4405 3464 4457 concurrente
3493 4416 3666 4476 prae·

2125 4486 2332 4551 sertim
2359 4505 2536 4548 causa
2569 4485 2867 4567 legitima,
2904 4486 2951 4547 si
2988 4487 3284 4568 generalis
3316 4488 3423 4550 illa
3459 4491 3670 4571 regula

2124 4580 2509 4653 subsisteret,
2542 4579 2715 4641 facile
2740 4570 3069 4660 dispensari
3101 4581 3161 4641 in
3193 4582 3514 4662 prohibitis
3528 4586 3670 4665 jure

2126 4684 2359 4740 tantum
2400 4673 2690 4754 positivo:
2740 4694 2936 4754 neque
2980 4685 3174 4736 tamen
3217 4677 3493 4757 exemplo
3541 4678 3669 4741 ullo

2122 4777 2373 4843 constat,
2389 4767 2737 4830 Pontificem
2757 4768 3125 4848 dispensasse
3149 4770 3211 4830 in
3238 4770 3668 4851 impedimento

2121 4863 2480 4948 hujusmodi,
2516 4862 2777 4943 publico.
2837 4863 3171 4925 videantur
3210 4884 3369 4945 quae
3401 4867 3558 4941 hanc
3600 4866 3665 4928 in

2123 4979 2251 5022 rem
2293 4958 2585 5039 congessit
2627 4956 3076 5039 Miglioruccius
3109 4962 3172 5019 in
3211 4960 3667 5021 Imtitutionibus

2125 5052 2427 5116 Canonicis
2455 5052 2530 5113 ad
2561 5051 2667 5113 lib.
2704 5057 2763 5110 2.
2798 5050 2888 5112 tit.
2932 5056 3027 5112 14.
3066 5053 3128 5112 in
3164 5053 3667 5134 explicationibus

2121 5148 2395 5210 adnum.
2429 5152 2486 5206 9.
2518 5154 2578 5206 et
2612 5150 2703 5205 10.
2732 5147 2833 5205 ubi
2857 5147 3106 5225 amjuyis
3131 5151 3328 5208 occisio
3353 5159 3541 5208 secuta
3565 5152 3662 5219 sit,

2121 5260 2434 5319 nunquam
2487 5239 2872 5319 dispensatur,
2906 5259 3020 5299 non
3051 5243 3190 5319 quia
3234 5241 3507 5318 Pontifex
3554 5260 3669 5301 non

2120 5336 2321 5414 possit:
2353 5332 2402 5393 si
2438 5331 2933 5411 impedimentum
2963 5332 3042 5394 sit
3086 5333 3384 5394 occultum
3408 5379 3424 5405 ,
3476 5335 3668 5415 Major

2134 5425 2637 5489 Poenitentiarius
2680 5425 2981 5506 dispensat
3007 5425 3070 5486 in
3113 5426 3511 5488 matrimoniis
3537 5436 3666 5490 tum
