4487 6316
163 2034 455 2090 ‚tinnitum-

162 2106 226 2134 ιιι
242 2095 456 2150 inexqui-

161 2150 199 2191 ὴ
253 2151 454 2193 ebriatur

160 2218 312 2249 uorum
407 2222 456 2250 n

159 2263 439 2323 Bia-onyae·

127 5356 419 5458 aava·

1861 518 1986 571 LIB-
2024 518 2090 572 u.
2130 519 2271 586 CAP.
2313 523 2374 574 V.

503 656 651 701 num
685 641 793 706 lib.
832 651 891 706 7.
929 666 1058 728 cap.
1105 654 1195 711 19.
1235 653 1597 735 Scriptorem
1620 657 1804 719 ‘illum
1836 660 2045 721 adver-

3458 527 3525 579 15³

2151 667 2269 733 tio,
2316 668 2721 747 atque-etiam
2768 669 2963 732 OErosa
2989 720 3004 741 ,
3055 669 3218 752 quod
3280 668 3345 729 in
3396 689 3470 732 ea
3529 670 3698 734 nulla

503 754 606 796 sus
649 737 978 801 Baronium
1007 743 1316 808 defendit:
1355 750 1723 830 Iteprekendit
1756 753 2045 814 Baronius
2148 758 2433 820 carminis
2476 760 2575 821 lex
2619 770 2726 823 aut
2772 782 3049 824 mensura
3089 770 3381 824 servetur.
3430 762 3694 842 Sequen-

503 841 604 890 etc.
662 831 861 894 Verum
895 851 1227 914 arqumenta
1251 889 1267 911 ,
1310 846 1511 921 quibus
1549 848 1611 906 id
1647 849 1883 926 probare
1912 850 2048 908 niti-

2155 851 2271 912 tiae
2295 863 2495 912 autem
2533 875 2747 915 nomen
2779 855 2869 915 illi
2905 856 3163 917 inditum
3191 900 3207 928 ,
3244 855 3392 935 quia
3424 855 3697 919 Gradua·

505 934 644 997 tur,
680 947 889 1006 parum
925 931 1094 1010 firm
1131 937 1273 996 veihi
1315 939 1611 1000 videntur.
1656 940 1902 1003 Proinde
1946 962 2048 1003 au-
2153 945 2210 1006 le
2240 949 2644 1027 consequitur.
2686 951 2767 1012 In,
2791 949 2949 1011 libro
2975 996 2991 1023 ,
3028 950 3135 1030 qui
3180 949 3436 1018 Alcuino
3479 949 3698 1011 tribui-

501 1024 817 1082 ctoritatem
859 1023 1158 1089 Sozonoeni
1197 1031 1287 1090 hic
1321 1037 1479 1111 sequi
1515 1038 1715 1096 malim
1741 1085 1756 1107 ,
1798 1040 2047 1098 marinis

503 1135 633 1174 cum
668 1114 1030 1179 Cassiodorus
1062 1123 1179 1198 ejus
1213 1127 1376 1187 cerba
1402 1131 1657 1189 retulerit
1695 1134 1756 1190 in
1784 1131 2050 1191 Historia

505 1212 830 1290 tripartita..
853 1211 974 1287 Qui
995 1214 1249 1294 Profecto
1268 1221 1328 1278 id
1351 1241 1643 1300 utinquam
1661 1210 1868 1302 fecisset
1889 1275 1904 1295 ,
1933 1228 2050 1285 nis'i

504 1303 652 1363 hunc
693 1326 899 1366 morem
934 1320 1208 1370 vetustum
1244 1317 1482 1376 scivisset
1521 1318 1805 1392 Ecclesiae
1844 1321 2050 1382 Roma-

499 1417 607 1458 nae
633 1447 648 1468 ,
694 1410 758 1458 ut
798 1404 861 1459 in
894 1422 959 1461 ca
989 1408 1153 1464 semet
1188 1418 1410 1469 tantum
1440 1410 1696 1491 AlleluJ'a
1728 1427 2042 1486 caneretur,

504 1492 592 1553 die
630 1497 836 1555 scilicet
876 1497 1146 1560 Paschae.
1191 1502 1266 1562 Et
1311 1504 1461 1565 Ven.
1508 1505 1844 1570 Cardinalis
1883 1510 2042 1570 Tho-

441 1628 463 1645 .
501 1587 723 1648 masius
769 1591 1018 1669 praefat.
1074 1594 1149 1655 ad
1206 1604 1432 1660 veteres
1483 1601 1804 1664 Missarum
1859 1603 2046 1665 libros

498 1689 820 1764 utramque
859 1687 1212 1749 sententiam
1260 1691 1474 1755 nititur
1517 1695 1600 1758 ita
1644 1717 1999 1777 componere
2026 1745 2042 1772 ,

500 1785 569 1839 ut
612 1776 675 1839 in
697 1779 795 1840 die
820 1780 1079 1842 Paschae
1121 1784 1363 1862 publico
1384 1798 1699 1852 caneretur
1724 1792 1866 1853 Ritu
1890 1792 2048 1853 Alle-

502 1868 658 1953 luja,
684 1873 932 1935 caeteris
954 1895 1097 1935 vero
1125 1876 1337 1940 diebus
1363 1883 1440 1941 ad
1469 1884 1690 1943 libitum
1717 1905 1850 1946 eam
1878 1886 2044 1965 quis-

498 1986 618 2047 quc
647 1988 855 2030 vocem
878 1982 1220 2050 usurparet,
1265 1982 1330 2034 ut
1365 1975 1564 2038 innuit
1589 1978 2016 2064 Hieronymus.

617 2067 712 2123 15.
763 2063 833 2123 In
869 2070 1030 2124 tomo
1060 2066 1136 2126 de
1167 2069 1346 2148 gestis
1380 2072 1451 2130 D.
1489 2072 1560 2130 N.
1599 2072 1654 2131 J.
1695 2073 1759 2134 C.
1799 2093 1935 2134 cum
1970 2074 2045 2135 de

497 2155 759 2218 Sabbato
800 2157 1016 2220 Sancto
1053 2160 1291 2240 egimus
1334 2183 1540 2225 versus
1587 2165 1769 2226 finem
1800 2212 1816 2239 ,
1865 2166 2041 2247 polli-

496 2250 597 2311 citi
643 2271 850 2324 sumus
894 2273 1002 2314 nos
1045 2254 1109 2313 iu
1146 2255 1258 2316 hoc
1300 2256 1428 2319 loco
1460 2259 1534 2320 de
1574 2259 1834 2341 Alleluja
1869 2261 2043 2340 quid-

492 2344 657 2426 piam
701 2347 961 2428 amplius
1003 2348 1346 2429 scripturos.
1388 2352 1447 2412 S.
1495 2353 1761 2414 Isidorus
1798 2356 1874 2416 de
1908 2355 2042 2416 Ori·

490 2439 736 2521 ginibus
778 2442 866 2505 lib
911 2450 969 2504 6.
1018 2463 1149 2524 cap.
1197 2446 1274 2507 de
1315 2446 1540 2508 Officiis
1584 2448 1712 2523 ait,
1752 2450 1902 2511 duas
1941 2470 2042 2511 vo-

491 2553 587 2594 ces
625 2534 806 2595 Anien
846 2546 906 2598 et
943 2536 1198 2616 Alletuja
1242 2539 1305 2598 in
1340 2538 1490 2601 alias
1525 2540 1762 2623 linguas
1798 2552 2039 2623 propter

491 2647 703 2689 earum
739 2630 1111 2692 sanctitatem
1149 2651 1280 2692 -non
1324 2653 1450 2694 esse
1483 2653 1840 2698 conversas:
1893 2635 2040 2698 Tan·

491 2733 548 2781 to
585 2725 733 2782 enim
771 2744 936 2785 sacra
974 2736 1107 2785 sunt
1144 2729 1374 2788 nomina
1399 2776 1414 2799 ,
1455 2740 1520 2788 ut
1571 2733 1742 2790 etiam
1790 2730 2037 2792 Ioannes

489 2818 556 2876 in
595 2818 937 2898 Apocalypsi
964 2822 1171 2899 reserat
1196 2869 1211 2892 ,
1244 2842 1299 2881 se
1326 2825 1536 2901 spiritu
1566 2827 1842 2885 revelante
1871 2827 2039 2886 cidis-

488 2931 543 2971 se
572 2959 587 2980 ,
630 2924 681 2971 et
722 2915 1000 2975 audivisse
1037 2936 1216 2976 vocem
1253 2936 1537 2994 aquarum
1575 2921 1889 2980 multarum
1913 2968 1929 2990 ,
1983 2932 2035 2981 et

492 3007 810 3066 tonitruum
846 3010 1164 3070 calidorum
1202 3011 1512 3071 dicentium
1548 3010 1729 3073 Amen
1754 3061 1770 3084 ‚
1825 3025 1877 3074 et
1927 3015 2036 3074 At-

490 3100 665 3179 tetuja
688 3120 710 3160 .·
754 3122 821 3163 ac
858 3123 960 3183 per
995 3105 1210 3165 hoc-sic
1248 3116 1457 3185 oportet
1503 3108 1567 3166 in
1608 3110 1772 3168 ten-is
1810 3120 2036 3170 utrum-

484 3215 589 3273 que
625 3197 741 3256 dici
770 3243 785 3266 ,
829 3199 973 3257 sicut
1023 3201 1088 3257 in
1141 3197 1312 3260 Caelo
1358 3212 1638 3261 resonant.
1695 3204 1768 3263 ln
1825 3205 2034 3265 eodem

484 3286 614 3350 loco
641 3291 715 3350 D.
767 3291 1125 3373 Hieronymi
1153 3293 1567 3356 auctoritatem
1598 3297 2028 3375 produximus,

485 3384 590 3463 qui
625 3391 886 3447 testatur
927 3387 1108 3448 etiam
1154 3387 1217 3448 in
1250 3388 1522 3468 exequiis
1553 3389 2032 3453 Christianorum

486 3477 744 3561 Allelnja
771 3479 904 3541 cani
932 3480 1324 3542 consuevisse.
1357 3483 1530 3543 Nunc
1554 3502 1630 3543 ex
1656 3484 1866 3546 eodem
1894 3485 2036 3547 Hie-

483 3590 755 3654 ronymo·
782 3572 902 3635 huc
946 3574 1252 3636 afferimus
1296 3575 1494 3648 illud,
1541 3576 1704 3656 quod
1750 3578 1812 3638 in
1859 3579 2032 3640 cunis

481 3666 935 3729 instruebantur
989 3668 1160 3749 pueri
1191 3714 1207 3741 ,
1227 3677 1311 3730 ¹ut
1342 3667 1603 3751 Alleluja
1630 3715 1647 3743 ,
1705 3679 2031 3753 utcumque

482 3768 764 3839 possent,
814 3762 1324 3841 pronunciarent,
1368 3763 1455 3825 sic
1502 3764 1666 3824 enim
1712 3766 1922 3827 scribit
1955 3767 2020 3828 in

483 3852 806 3933 Epitaphio
851 3857 1116 3919 Paulae:
1161 3858 1442 3921 Audierat
1483 3856 1710 3937 (Paula
1752 3868 2027 3939 nepotem

478 3947 687 4027 suam)
735 3950 798 4007 in
836 3953 995 4009 cunis
1035 3962 1087 4011 et
1124 3953 1480 4031 crepitaculis
1499 3992 1514 4005 -.
1530 3952 1867 4013 balbutiente
1922 3956 2030 4013 lin-

474 4061 593 4120 qua
623 4041 877 4121 Atletuja
894 4055 1143 4105 cantare.
1168 4045 1447 4107 Aratores
1479 4044 1661 4108 etiam
1693 4047 2027 4109 devotionis

475 4134 671 4215 gratia
693 4141 936 4197 cantare
956 4135 1216 4219 Alleluja
1258 4137 1493 4217 scripsit
1534 4138 1605 4199 in
1649 4139 1914 4219 Epistola
1945 4142 2024 4203 ad

476 4227 847 4301 Marcellam,
872 4248 1058 4309 quam
1082 4228 1536 4292 Bethlehemum
1553 4240 1622 4294 ut
1640 4252 1703 4294 se
1718 4234 1986 4297 conferat
1999 4280 2018 4309 ,

473 4319 795 4384 hortatur:
842 4323 916 4384 In
959 4322 1179 4384 Christi
1215 4326 1357 4385 vitta
1405 4336 1522 4387 tota
1569 4330 1860 4389 rusticitas
1910 4339 2010 4390 est.

472 4415 674 4478 Extra
727 4415 982 4477 Psalmos
1035 4419 1328 4477 silentium
1372 4429 1470 4479 est.
1541 4417 1901 4499 Quocumque
1966 4432 2019 4487 te

472 4512 699 4570 verteris
727 4557 742 4580 ,
763 4521 962 4572 arator
977 4513 1388 4573 sticamtenens
1408 4512 1454 4572 ,4
1468 4514 1664 4591 lleluja
1683 4516 1961 4576 decantat.

2157 1046 2254 1099 tur
2298 1037 2381 1099 De
2414 1042 2622 1100 divinis
2654 1044 2845 1122 officiis
2874 1091 2889 1112 ,
2929 1043 3077 1103 haec
3114 1043 3414 1103 habentur
3446 1064 3478 1102 :·
3499 1027 3729 1122 Sequi-l

2157 1144 2254 1193 tur
2278 1135 2581 1207 lebitone,
2612 1157 2782 1215 quam
2807 1138 3147 1216 sequentiam
3175 1148 3371 1198 cocant
3388 1186 3403 1208 ,
3433 1144 3494 1200 et
3526 1136 3702 1200 Udal-

2156 1228 2315 1289 ricus
2358 1229 2421 1289 in
2467 1231 2999 1302 consuetudinibus
3042 1231 3551 1293 cluniacensibus
3581 1231 3693 1293 lib.

2159 1325 2212 1380 1.
2251 1341 2379 1402 cap.
2426 1327 2517 1382 11.
2558 1325 2779 1392 Prosa,
2819 1324 3061 1404 iuquit',
3097 1345 3270 1403 quam
3302 1327 3429 1388 alii.
3454 1323 3701 1406 Sequcn»

2156 1416 2297 1474 tiam
2326 1427 2519 1476 vocant
2539 1465 2553 1486 ,
2592 1437 2703 1476 non
2735 1429 3003 1478 cantatur
3030 1465 3045 1488 ,
3078 1420 3194 1477 nisi
3223 1420 3288 1478 in
3317 1419 3563 1497 quinque
3594 1416 3701 1479 Fe-

2152 1511 2251 1567 stis
2290 1511 2721 1590 principatibus.
2769 1511 2931 1572 Haec
2964 1518 3035 1572 ut
3065 1518 3407 1573 cantaretur
3440 1511 3704 1592 Sequen-

2156 1602 2237 1663 tia
2258 1622 2361 1663 seu
2387 1605 2590 1676 Prosa,
2617 1613 2826 1666 auctor
2848 1604 3031 1667 fuisse
3053 1605 3273 1666 dicitur
3301 1607 3368 1666 B.
3399 1605 3702 1666 Notkerus

2152 1696 2358 1756 Abbas
2401 1696 2461 1757 S.
2513 1697 2717 1772 Galli:
2767 1705 2830 1759 et
2872 1699 3161 1779 quasdam
3205 1717 3244 1759 a
3281 1717 3345 1759 se
3403 1697 3698 1780 composi-

2153 1796 2241 1852 tas
2287 1789 2514 1852 misisse
2544 1792 2632 1853 »ad
2668 1811 2979 1852 »summum
3027 1790 3398 1853 Pontificem.

2276 1887 2368 1945 18.
2391 1885 2665 1959 Quatuor
2696 1885 3035 1966 Sequentiis
3067 1886 3259 1946 utitur
3295 1886 3564 1946 Romana
3594 1884 3704 1944 Ec-
3747 1856 4027 1980 qumi-s.-

2151 1975 2372 2050 dosia:
2418 1998 2679 2058 quarum
2723 1980 2918 2058 prima
2960 1986 3052 2041 est
3105 1978 3369 2039 Victimae
3423 1976 3696 2046 Paschati
3735 1985 3924 2080 «113ιέϋέ
3927 1981 4027 2079 g·-

2153 2070 2216 2130 in
2262 2072 2359 2133 die
2403 2072 2663 2134 Paschae
2688 2119 2705 2146 ,
2736 2093 2871 2134 eam
2907 2072 3228 2134 Durandus
3263 2072 3369 2132 lib.
3406 2075 3464 2133 4.
3501 2091 3553 2131 c.
3593 2076 3690 2132 22.
3738 2109 3788 2136 ..-
3819 2095 4013 2138 satas..

2149 2166 2334 2227 tradit
2357 2168 2743 2248 compositam
2765 2167 3001 2229 saeculo
3028 2172 3119 2227 11.
3147 2186 3184 2228 a
3214 2167 3474 2228 Roberto
3503 2166 3689 2226 Fran·
3734 2155 4027 2253 ssssssoeffl'

2148 2279 2358 2321 corum
2400 2264 2602 2344 Rege:
2646 2263 2905 2324 secunda
2947 2270 3036 2322 est
3084 2260 3221 2321 Veni
3255 2260 3463 2320 Sancte
3506 2258 3698 2339 Spiri-
3738 2268 3840 2310 rint·

2150 2367 2239 2416 tus
2286 2357 2349 2417 in
2394 2359 2493 2420 die
2530 2359 2912 2418 Pentecostoe
2939 2402 2955 2429 ,
2990 2357 3161 2437 cujus
3202 2357 3268 2416 B.
3310 2355 3698 2415 Hermaunus

2148 2451 2497 2513 Contractus
2528 2452 2764 2513 saeculo
2796 2451 2939 2512 item
2989 2455 3081 2510 11.
3121 2458 3327 2510 auctor
3361 2448 3542 2509 fuisse
3574 2466 3699 2509 cre-

2146 2544 2353 2606 ditur:
2404 2547 2577 2607 tertia
2619 2554 2708 2606 oet
2751 2544 2956 2610 Lauda
3002 2544 3149 2604 Sion
3194 2543 3260 2603 in
3316 2541 3490 2603 Festo
3541 2541 3689 2603 Cor-

2146 2639 2310 2718 poris
2354 2640 2619 2712 Christi,
2667 2659 2824 2721 quae
2858 2641 2928 2700 D.
2967 2638 3232 2700 Thomae
3265 2635 3552 2719 Aquinati
3589 2636 3692 2698 tri-

2145 2732 2395 2794 buitur:
2443 2742 2661 2813 quarta
2703 2732 2964 2813 denique
3006 2740 3096 2792 est
3137 2731 3270 2791 Dies
3314 2734 3396 2791 ire
3437 2731 3552 2790 dies
3583 2731 3694 2791 itta

2145 2825 2210 2886 in
2251 2828 2447 2888 Missis
2481 2823 2890 2900 Mortuerum,
2928 2846 3113 2907 quam
3155 2825 3458 2905 scripsisse
3489 2824 3692 2886 existi-

2144 2929 2343 2981 matur
2387 2921 2638 2982 Latinus
2680 2920 3017 2981 Cardinalis
3045 2919 3312 3004 ‚Ursinus
3352 2938 3457 2979 seu
3504 2919 3691 2980 Fran·

2141 3013 2381 3094 gipanis
2420 3014 2668 3076 Ordinis
2709 3014 3194 3095 Praedicatorum
3222 3056 3238 3084 ,
3275 3011 3380 3092 qui
3416 3019 3692 3073 mortuus

2142 3114 2230 3169 est
2272 3128 2434 3171 anno
2481 3113 2653 3171 1294.
2702 3108 3040 3170 videantur
3084 3108 3168 3168 Le
3208 3108 3566 3173 Bruutom.
3627 3109 3681 3167 1.

2140 3222 2276 3284 pag.
2326 3207 2464 3264 210.
2518 3213 2578 3264 et
2618 3205 2857 3264 Macrus
2889 3201 2952 3262 in
2999 3199 3291 3263 Vocabul.
3329 3200 3515 3263 verbo
3546 3198 3689 3260 Pro-

2139 3315 2204 3356 sa
2225 3317 2249 3362 ,⁹
2293 3296 2399 3375 qui
2445 3296 2676 3357 nullam
2721 3295 3085 3356 mentionem
3135 3293 3365 3363 faciunt
3416 3294 3686 3373 Sequen-

2142 3388 2292 3462 tiae,
2318 3388 2523 3451 Lauda
2550 3389 2696 3450 Sion
2715 3388 3034 3449 Salvatoris
3060 3386 3200 3448 Jesu
3224 3407 3422 3447 noeeten
3447 3399 3499 3447 et
3527 3407 3689 3447 anu»-

2138 3485 2220 3542 ris
2246 3530 2261 3553 ‚
2308 3503 2466 3565 quae
2504 3483 2568 3544 in
2615 3483 2788 3544 Festo
2822 3481 3085 3544 nominis
3126 3482 3266 3543 lesu
3301 3480 3558 3567 dicitur:
3594 3500 3692 3560 pc—

2137 3576 2384 3640 culiaris
2423 3587 2513 3640 est
2555 3578 2718 3639 enim
2760 3598 2832 3640 ea
2874 3577 3199 3656 Sequentia
3243 3577 3525 3638 Fratrum
3581 3574 3692 3636 Mi-

2138 3689 2358 3731 norum
2384 3716 2400 3743 ‚
2449 3678 2518 3732 ut
2557 3672 2835 3733 observat
2874 3670 3138 3730 Meratus
3171 3678 3315 3730 tom.
3356 3673 3410 3728 1.
3450 3688 3581 3748 par.
3617 3674 3677 3727 2.

2138 3783 2275 3846 pag.
2328 3771 2466 3826 867.
2514 3767 2602 3826 De
2645 3764 2969 3844 Sequentia
3012 3783 3117 3824 seu
3167 3764 3352 3824 Prosa
3400 3762 3527 3843 agit
3572 3763 3684 3822 Pe-

2135 3856 2447 3918 rimezzius
2488 3857 2718 3919 dissert.
2769 3862 2827 3917 2.
2884 3876 3019 3938 pag.
3061 3860 3157 3917 57.
3197 3856 3500 3937 hujusque
3535 3854 3688 3916 ritus

2132 3957 2436 4011 auctorem
2483 3950 2662 4012 fuisse
2705 3958 2877 4030 putat
2921 3952 2987 4010 B.
3036 3948 3369 4010 Notkerum
3394 3993 3411 4021 ,
3447 3947 3555 4028 qui
3590 3947 3680 4008 in-

2133 4051 2369 4125 tegrum
2392 4042 2676 4105 volumen
2703 4043 2993 4125 ejusmodi
3026 4043 3347 4104 Prosarum
3373 4059 3411 4102 a
3432 4060 3496 4102 se
3520 4058 3679 4101 com-

2131 4135 2390 4215 positum
2435 4135 2727 4198 Lituardo
2775 4134 3136 4196 vercellensi
3181 4133 3473 4214 Episcopo
3515 4132 3683 4194 dedi·

2130 4230 2331 4303 cavit,
2383 4238 2526 4292 teste
2567 4229 2908 4292 Echerardo
2949 4228 3246 4291 Monacho
3280 4227 3344 4288 in
3387 4229 3517 4309 ejus
3552 4226 3676 4290 vita

2239 4366 2256 4383 .
2309 4329 2401 4385 16.

2125 4344 2339 4477 capto.
2374 4417 2581 4497 Neque
2608 4425 2805 4478 tamen
2835 4416 2898 4476 in
2926 4414 3091 4477 omni
3140 4413 3356 4487 Missa,
3389 4432 3547 4494 quae
3576 4411 3672 4475 vel
3712 4462 3811 4520 Quo

2121 4510 2359 4592 privata
2380 4511 2494 4584 sit,
2530 4511 2623 4572 vel
2659 4517 2967 4584 cantetur,
3012 4510 3295 4585 dicuntur
3329 4508 3668 4582 Graduale,
3709 4532 3756 4562 r·
3783 4535 3858 4589 μιν
3883 4527 3994 4591 rn-

3709 4585 3781 4620 ctu
3809 4593 3852 4621 tu
3870 4583 3999 4625 “aa

593 4608 685 4665 16.
718 4604 979 4678 Quidam
1004 4624 1039 4666 e
1065 4605 1372 4686 Scriptura
1401 4606 1719 4679 versiculi,
1750 4607 1854 4688 qui
1884 4616 2017 4687 post
2120 4605 2416 4688 Alleluja,
2474 4607 2756 4677 Tractus,
2802 4613 2863 4666 et
2917 4602 3260 4684 Sequentia.
3322 4602 3625 4666 Graduale
3647 4647 3666 4675 ,
3708 4632 3998 4684 ammuh.

404 4703 428 4715 ‘
469 4697 800 4779 Epistolam
853 4698 1185 4761 recitantur
1211 4746 1228 4774 ,
1287 4700 1668 4781 appellantur
1728 4700 1964 4763 Tractus
1986 4723 2010 4771 ,-

468 4795 639 4877 cujus
679 4793 1042 4877 etymologia
1094 4794 1255 4856 vocis
1295 4802 1387 4855 est
1427 4813 1465 4856 a
1513 4796 1781 4856 trahendo
1801 4816 1825 4863 ;
1868 4814 2013 4856 nam

467 4891 693 4947 tractim
731 4898 783 4949 et
821 4909 949 4949 cum
984 4891 1284 4969 asperitate
1331 4908 1526 4949 vocum
1562 4898 1627 4949 eet
1672 4891 2011 4970 prolixitate

466 4976 754 5041 verborum
794 4984 1024 5042 canitur
1042 5003 1065 5050 ,·
1107 4988 1178 5043 ut
1219 4980 1425 5043 videre
1458 4989 1547 5042 est
1579 4981 1744 5062 apud
1778 4983 2013 5043 Duran-

467 5072 645 5146 dum,
676 5074 1110 5136 Bellarminum
1139 5075 1252 5138 loc.
1283 5075 1384 5137 cit.
1422 5076 1795 5149 Gavantum,
1826 5076 2002 5138 Card.

463 5158 630 5228 Bo'na
659 5168 765 5229 ubi
809 5188 992 5249 supra
1013 5190 1075 5229 n.
1126 5176 1184 5231 5.
1232 5179 1295 5232 et
1326 5167 1630 5253 Tournefy
1656 5178 1799 5232 tom.
1837 5176 1895 5232 2.
1934 5172 2011 5233 de

461 5258 724 5323 Sacram.
772 5262 1030 5326 Euchar.
1089 5284 1225 5346 pag.
1275 5269 1412 5327 423.

582 5359 676 5416 17.
714 5356 989 5437 Denique
1023 5356 1329 5437 Sequentia
1357 5358 1700 5441 Rhythmus
1729 5365 1820 5421 est
1844 5404 1862 5431 ,
1896 5357 2004 5439 qui

462 5456 594 5531 post
633 5449 963 5532 Epistulam
1008 5451 1245 5516 canitur
1270 5498 1289 5527 ,
1323 5461 1384 5514 et
1412 5453 1754 5534 appellatur
1778 5451 2007 5514 Jubila-

2117 4699 2282 4779 quod
2317 4699 2543 4762 doloris
2589 4698 2933 4778 laborisque
2960 4698 3201 4780 signum
3243 4698 3354 4771 sit,
3400 4705 3668 4778 tempore
3702 4687 3807 4749 ¹⁰1⁸·

2119 4792 2346 4856 Pascali
2372 4793 2692 4865 omittitur,
2707 4812 2847 4853 cum
2867 4791 3130 4854 laetitiae
3151 4802 3384 4873 tempus
3394 4792 3543 4853 illud
3561 4793 3662 4865 sit,

2117 4895 2187 4947 ut
2224 4888 2502 4949 observat
2521 4887 2848 4948 Gavantus.
2875 4888 2927 4946 A
2953 4886 3401 4967 Septuagesima
3421 4886 3497 4947 ad
3518 4885 3665 4946 Sab-

2115 4980 2325 5042 batum
2338 4982 2621 5043 Sanctum
2630 4979 3126 5059 praetermittitur
3147 4979 3432 5060 Alleluja,
3446 4979 3510 5039 in
3526 4980 3667 5040 Mis-

2114 5074 2197 5135 sis
2219 5074 2403 5136 etiam
2424 5074 2498 5134 de
2525 5073 2700 5134 Feria
2716 5091 2832 5152 ,per
2856 5072 3199 5133 Adventum
3218 5081 3278 5133 et
3299 5071 3364 5133 in
3395 5069 3663 5153 Vigiliis,

2115 5167 2180 5228 in
2207 5167 2432 5248 quibus
2449 5166 2752 5248 jejunium
2786 5164 3080 5228 indictum
3113 5173 3202 5228 est
3221 5211 3240 5240 ‚
3265 5174 3334 5227 ut
3367 5164 3662 5245 praescri-

2113 5263 2269 5324 bunt
2298 5261 2595 5322 Rubricae
2629 5260 2888 5323 Missalis
2929 5260 3203 5323 Romani.
3265 5261 3402 5322 Duo
3459 5267 3660 5320 tamen

2113 5356 2365 5419 sabbata
2389 5354 2653 5436 excipias
2668 5400 2685 5429 ,
2715 5373 2979 5435 quorum
3021 5355 3281 5418 alterum
3320 5351 3621 5415 Paschatis
3637 5396 3658 5426 ,

2110 5449 2370 5535 alterum
2417 5450 2785 5513 Pentecostes
2826 5448 3217 5531 Pervigilium
3265 5455 3392 5510 est:
3435 5446 3659 5508 horum
