4487 6316
1065 479 1171 528 396

880 620 1091 700 gistis.
1114 619 1458 700 acproinde
1476 621 1713 688 Missae
1742 640 1900 701 quae
1921 620 2147 683 ibidem
2167 623 2245 684 de
2274 621 2422 686 testo

2224 477 2533 535 DECRETA
2571 479 2789 535 SACRAE
2905 503 2914 520 ·

2647 631 2743 685 90.
2772 625 3188 698 protonotario
3218 628 3599 712 Apostolico
3581 649 3646 693 ιιι
3666 630 4074 698 celebratione

880 711 1169 783 currenti,
1204 710 1279 771 in
1287 729 1409 790 quo
1426 712 1641 774 Missae
1662 714 2093 776 Defunctorum
2119 715 2413 786 celebrari
2525 719 2743 781 Missae
2770 738 2890 780 non
2916 719 3054 782 licet
3082 721 3356 788 deferre
3340 743 3402 789 tu
3434 724 3623 806 digito
3670 726 3962 789 anulum..
3988 729 4064 790 S.

878 824 1001 868 non
1021 812 1291 890 possunt,
1321 804 1448 865 sive
1477 825 1551 865 ex
1582 807 1986 888 obligatione,
2022 808 2150 870 sive
2182 830 2260 871 ex
2291 803 2450 871 sola
2522 813 2595 874 R.
2632 812 2700 874 C.
2735 819 2792 875 3.
2823 814 2986 876 Mar.
3022 820 3193 878 1674.
3229 819 3292 875 in
3323 817 3537 879 Bar-en.

876 898 1149 960 fidelium
1195 883 1511 962 devotione
1542 900 2042 982 celebrabuntur,
2074 903 2418 985 suffragan-

877 1002 999 1067 tur,
1030 992 1114 1054 ita
1143 1000 1210 1052 ut
1236 991 1473 1053 animae
1497 991 2014 1070 Christitidelium,
2040 1016 2150 1076 pro
2181 997 2408 1077 quibus

873 1087 1209 1152 celebratae
1229 1085 1477 1159 fuerint,
1506 1085 1918 1167 Indulgentias
1946 1109 2050 1170 per
2095 1090 2414 1173 privilegia

871 1179 1218 1261 huJusmodi
1239 1191 2018 1268 oencessas,consequantur
2038 1182 2101 1242 in
2124 1185 2407 1246 omnibus

866 1285 929 1368 et
942 1295 1052 1356 per
1071 1274 1299 1347 omnia,
1316 1273 1565 1354 perinde
1584 1293 1654 1335 ac
1675 1273 1722 1333 si
1737 1275 1951 1338 Missae
1974 1276 2406 1339 Defunctcrum

865 1370 941 1438 ad
966 1370 1229 1432 formam
1253 1368 1602 1430 eorumdem
1641 1368 2096 1450 privilegiorum
2144 1371 2413 1434 celebra-
2459 1401 2471 1431 ι

869 1473 962 1526 tae
984 1464 1267 1525 fuissent.
1305 1461 1374 1522 S.
1407 1463 1480 1521 R.
1515 1461 1583 1548 C.
1613 1467 1709 1522 20.
1736 1461 1892 1521 Julii
1926 1468 2097 1524 1669.
2149 1466 2213 1526 cle
2252 1487 2413 1528 man-

864 1560 996 1620 dato
1016 1556 1315 1619 Clementis
1334 1555 1440 1616 IX.
1455 1558 1519 1614 in
1535 1576 1635 1616 sno
1656 1554 1853 1626 Brevi,
1879 1557 2026 1634 qnod
2048 1560 2250 1637 incipi!
2267 1579 2404 1620 cum

861 1652 1054 1714 felicis
1075 1649 1303 1714 recocd.
1322 1656 1419 1711 23.
1446 1649 1604 1729 Sept.
1639 1655 1810 1710 1669.
1838 1653 2253 1731 confirmatum.
2279 1653 2411 1716 noo

838 1746 1249 1828 ‚privilegium
1276 1746 1461 1807 etiam
1501 1744 1883 1825 amplectitur
1914 1745 2214 1808 Ecclesiae
2257 1748 2406 1808 Am·

862 1842 1180 1905 brosianae
1213 1841 1419 1902 ritum.
1455 1840 1611 1902 Vide
1636 1860 1796 1900 num.
1837 1844 1972 1903 143.
2104 1905 2108 1910 ,

978 1942 1078 1998 85.
1110 1937 1369 2011 Quando
1392 1937 1561 1997 abest
1581 1935 1867 2017 legatum,
1918 1937 2083 2017 quod
2116 1936 2410 2001 Sacerdos

859 2039 1183 2110 antequam
1210 2029 1473 2092 discedat
1513 2029 1592 2091 ab
1641 2029 1864 2103 altari,
1909 2031 2118 2095 recitet
2154 2030 2406 2111 aliquod

858 2124 1256 2206 Evangelium
1283 2169 1299 2197 ‚
1337 2123 1643 2185 Psalmum
1665 2169 1683 2197 ,
1729 2143 1834 2185 seu
1882 2123 2234 2186 Orationem
2275 2133 2409 2205 post

860 2220 1241 2283 terminatam
1265 2219 1511 2286 Missam
1534 2239 1551 2292 ς
1582 2218 1759 2282 debet
1782 2217 1951 2281 oneri
1991 2219 2107 2280 sibi
2136 2219 2408 2301 injuncto

855 2313 1194 2378 satisfacere
1237 2323 1371 2394 post
1398 2313 1581 2375 finem
1609 2313 1825 2374 Missae
1849 2359 1866 2387 ‚
1911 2313 2110 2375 exutis
2139 2314 2408 2377 vestibus

853 2407 1345 2480 sacerdotalibus,
1375 2415 1436 2469 et
1463 2427 1602 2469 cum
1624 2406 1753 2472 sola
1772 2414 1929 2474 cotta
1957 2406 2020 2467 in
2064 2406 2279 2479 altari,
2311 2409 2406 2470 v-el

854 2504 919 2570 in
959 2501 1276 2576 Sacrisfia,
1306 2500 1476 2563 etsie
1516 2500 1780 2581 legatum
1807 2491 2139 2579 adimplere
2160 2543 2175 2560 .
2212 2498 2282 2560 S.
2320 2501 2396 2562 R.

860 2596 929 2659 C.
963 2602 1059 2657 31.
1090 2596 1243 2674 Any.
1266 2587 1452 2655 1669.
1488 2597 1552 2654 in
1579 2592 1941 2658 Conversana
1962 2636 1977 2652 .
2004 2595 2027 2615 *
2054 2592 2249 2667 (Cum
2277 2596 2400 2655 sola

859 2690 1029 2754 Cotta
1039 2697 1066 2765 )
1098 2710 1256 2771 quae
1274 2690 1351 2751 ab
1371 2687 1677 2768 Episcopis
1706 2687 2128 2769 flegmatibus,
2162 2697 2224 2750 et
2245 2707 2281 2751 a
2302 2688 2407 2760 Sa·

857 2786 1198 2856 cerdotibus
1225 2783 1708 2865 quibuscumque
1732 2827 1749 2855 ‚
1784 2802 1923 2844 cum
1949 2784 2259 2845 commode
2287 2783 2401 2848 ha·

860 2880 993 2943 beri
1019 2878 1224 2960 possit,
1252 2878 1464 2939 subtus
1496 2885 1685 2939 vestes
1716 2896 1914 2939 sacras
1960 2876 2133 2939 indui
2175 2878 2355 2942 dehet
2378 2921 2397 2940 .

856 2971 1009 3038 nub.
1031 2973 1200 3036 Mise.
1234 2975 1299 3034 de
1321 2972 1625 3053 Preparat.
1653 2992 1812 3032 num.
1841 2977 1901 3033 2.

941 3118 947 3132 .
978 3073 1077 3132 86.
1111 3068 1326 3130 Missae
1351 3067 1786 3130 Defunctorum
1814 3085 1933 3127 non
1953 3074 2206 3147 possunt
2247 3066 2400 3129 cele-

862 3163 1030 3227 brari
1051 3160 1167 3225 nisi
1190 3182 1327 3224 cum
1372 3160 1571 3223 colore
1592 3161 1789 3241 nigre,
1832 3160 1929 3221 vel
1952 3161 2165 3222 saltem
2207 3161 2402 3241 viola-

861 3277 965 3319 ceo
990 3300 1005 3315 .
1039 3255 1108 3318 S.
1140 3256 1212 3316 R.
1244 3253 1312 3316 C.
1348 3259 1447 3315 21.
1478 3255 1622 3315 Jnn.
1657 3258 1831 3314 1670.
1863 3256 1927 3313 in
1958 3252 2242 3315 Oritana.

978 3356 1076 3412 87.
1123 3346 1404 3410 Missam
1386 3367 1450 3408 ιιι
1471 3346 1671 3409 altari
1665 3346 1934 3428 majori,
1963 3347 2071 3407 ubi
2100 3355 2188 3408 est
2213 3366 2401 3428 expo-

857 3445 1041 3506 situm
1063 3443 1301 3523 publice
1326 3442 1429 3527 55.
1462 3439 1938 3527 Sacramentum,
1989 3459 2112 3505 non
2142 3440 2282 3502 licet
2313 3462 2405 3504 ce-

862 3538 1140 3611 lebrare,
1183 3520 1535 3617 praesertim
1564 3535 1613 3595 si
1654 3535 1720 3596 in
1746 3534 2010 3607 Ecclesia
2039 3533 2240 3596 adsint
2280 3535 2404 3598 alia

857 3630 1112 3703 Altaria,
1138 3629 1203 3691 in
1230 3630 1493 3713 quihus
1480 3629 1770 3692 celebrari
1799 3629 2003 3710 possit.
2033 3628 2102 3690 8.
2130 3630 2204 3691 R.
2241 3629 2313 3691 C.
2340 3635 2398 3691 9.

857 3725 1010 3804 Anq-
1039 3729 1210 3785 1670.
1239 3727 1303 3784 in
1323 3724 1639 3785 Bononicn.
1667 3725 1876 3804 Neque
1899 3724 2160 3804 privata,
2207 3743 2404 3805 neque

855 3818 1161 3891 solemnis,
1189 3817 1305 3880 nisi
1326 3838 1398 3881 ea
1426 3819 1740 3886 dumtaxat
1770 3838 1880 3898 pro
1902 3819 2313 3898 expositione,
2345 3827 2406 3881 et

856 3913 1218 3995 repositione
1242 3902 1656 3989 Venerabilis,
1714 3920 1781 3973 ut
1824 3912 1885 3973 in
1932 3912 2220 3975 Oratione
2250 3933 2402 3994 qua-

859 4006 1139 4088 draginta
1187 4005 1493 4067 Horarum
1547 4026 1706 4065 num.
1763 4010 1857 4066 10.
1899 4003 2219 4068 Clement.
2256 4008 2398 4069 Xll.

857 4101 1238 4181 aliorumque
1260 4099 1660 4161 Pontificum
1636 4119 1810 4180 jussu
1829 4098 2129 4174 ordinata,
2154 4101 2315 4163 edita
2344 4106 2397 4161 1.

856 4195 1221 4277 Septembris
1253 4199 1425 4255 1736.
1455 4196 1626 4275 quus
1661 4192 1947 4254 initium·
1977 4194 2233 4255 Essendo
2262 4205 2404 4263 alate

860 4291 1017 4368 salte.
1055 4290 1209 4351 Vide
1245 4309 1413 4362 num
1443 4293 1574 4349 157.

976 4388 1082 4444 88.
1114 4383 1263 4443 Non
1302 4382 1479 4443 debet
1528 4380 1800 4454 cantari,
1856 4397 2059 4460 neque
2106 4350 2402 4443 celebrari

858 4472 1083 4538 Missa
1062 4493 1130 4537 ιιι
1156 4475 1375 4559 Altari,
1403 4474 1621 4535 ubiest
1647 4471 1985 4555 expositum
2038 4472 2138 4533 SS.
2189 4473 2401 4536 Sacra-

861 4578 1168 4655 mentum,
1199 4567 1314 4630 nisi
1365 4568 1442 4629 sit
1471 4586 1582 4648 pro
1617 4585 1688 4628 eo
1719 4565 2095 4645 exponendo,
2125 4574 2187 4627 at
2227 4566 2277 4626 si
2326 4587 2402 4628 ex

860 4664 1203 4725 necessitate
1220 4633 1354 4724 fieri
1377 4670 1528 4741 opus
1549 4668 1742 4721 esset·
1727 4659 2030 4741 ,populus
2050 4660 2402 4721 benedicen-

858 4754 971 4816 dus
989 4764 1079 4818 est
1103 4775 1267 4816 more
1293 4750 1598 4827 consueto,
1624 4748 1682 4814 et
1710 4772 1831 4812 non
1868 4771 2007 4813 cum
2033 4751 2136 4812 SS.
2187 4752 2398 4815 Sacra-

858 4855 1060 4910 mento
1095 4849 1164 4909 S.
1186 4846 1258 4919 R.
1286 4849 1355 4910 C.
1388 4847 1650 4910 talne.
1681 4851 1854 4917 1671.
1880 4848 1945 4905 in
1970 4846 2397 4928 Anqelopolita-

857 4963 957 5008 na.
984 4943 1010 4967 *
1033 4948 1062 5017 (
1073 4935 1423 5022 Etiponendo
1436 4949 1463 5015 )
1491 4941 1588 5004 vel
1605 4940 1798 5003 etiam
1829 4941 2171 5029 reponendo
2200 4964 2215 5016 ;
2239 4942 2397 5004 Con-

860 5036 1049 5099 stitut.
1078 5035 1262 5098 Clem.
1286 5036 1398 5104 XI.
1414 5035 1720 5116 quadrag.
1753 5034 1905 5096 Hor.
1934 5033 2091 5094 num.
2125 5040 2218 5096 10.

975 5134 1073 5206 89.
1108 5128 1323 5190 Missae
1347 5136 1619 5190 cantatae
1646 5128 2028 5189 Mortuerum
2057 5127 2217 5188 infra
2245 5136 2402 5190 octa—

857 5243 996 5287 vam
1038 5221 1317 5303 Corporis
1361 5220 1581 5291 Christi
1617 5241 1741 5283 non
1779 5229 1921 5293 sunt
1964 5205 2397 5302 celebrandae,

857 5335 972 5379 msl
983 5322 1295 5397 praesente
1314 5332 1582 5442 corpore.
1611 5312 1680 5374 S.
1708 5313 1780 5373 R.
1809 5311 1877 5374 C.
1910 5317 2003 5373 12.
2032 5311 2190 5394 Sept.
2219 5291 2394 5376 1671.

856 5410 919 5467 in
945 5408 1263 5471 Nascana.

2643 913 2742 968 91.
2783 909 3159 971 Celebrans
3141 930 3203 970 ιιι
3236 912 3415 974 Missa
3449 913 3703 975 solemni
3725 917 4070 995 ,procedere

2522 1000 2697 1063 debet
2725 1002 2802 1066 ad
2833 1013 3251 1083 praeparatam
3283 1007 3482 1069 sedem
3512 1018 3724 1089 operto
3757 1011 3971 1090 capite,
4001 1019 4068 1073 et

2522 1095 2869 1176 itaregredi
2921 1097 2999 1159 ad
3043 1098 3551 1180 Altare‚rqnando
3597 1103 3805 1164 sedere
3851 1105 4065 1178 debet,

2521 1190 2666 1251 dum
2691 1199 2968 1253 cantatur
2999 1192 3280 1274 Hymnus
3318 1196 3670 1276 Angelicus,
3716 1208 3776 1259 et
3808 1197 4064 1279 Symbo-

2519 1282 2646 1345 lum
2676 1286 3121 1366 Apostolorum,
3146 1289 3248 1350 sed
3275 1289 3351 1351 ad
3374 1288 3480 1351 illa
3501 1292 3709 1364 verba,
3732 1310 3890 1371 quae
3915 1312 4062 1354 can·

2520 1385 2725 1440 tantur
2750 1380 2813 1441 in
2840 1380 3047 1455 choro,
3078 1383 3152 1443 ad
3176 1402 3333 1463 quae
3362 1382 3494 1445 fieri
3519 1385 4061 1460 debetinclinatiO,

2520 1480 2760 1535 tenetur
2792 1494 2856 1536 se
2886 1476 3179 1538 inclinare
3205 1478 3370 1539 nudo
3401 1479 3594 1557 capite
3638 1499 3759 1542 non
3790 1481 4068 1543 obstante

2519 1567 2819 1629 contraria
2867 1570 3333 1632 consuetudine.
3388 1570 3456 1632 S.
3489 1573 3574 1634 R.
3621 1572 3690 1633 C.
3742 1578 3841 1633 21,
3888 1575 4057 1636 Mar.

2521 1660 2693 1718 1676.
2741 1662 2805 1719 in
2854 1660 3071 1723 Collen.
3101 1665 3122 1718 f
3148 1663 3264 1725 Sed
3306 1667 3382 1726 ad
3418 1668 3529 1727 illa
3572 1669 3773 1737 verba,
3815 1669 3891 1729 ad
3919 1688 4068 1746 quac

2518 1756 2643 1835 fieri
2663 1755 2814 1813 debet
2835 1757 3164 1831 inclinali03
3187 1777 3345 1838 quae
3365 1760 3587 1821 suntin
3609 1761 3887 1843 Hymnus
3911 1762 4068 1823 Ado-

2514 1866 2710 1910 tamne
2740 1858 2789 1908 te
2808 1897 2824 1918 ,
2872 1854 3091 1927 qratia}
3131 1856 3353 1931 aqimus
3390 1857 3514 1925 libi,
3546 1855 3688 1916 lesu
3721 1855 3980 1932 Christe)
4010 1867 4070 1919 et

2515 1945 2728 2022 Μοίρι
2747 1944 3180 2022 deprecationem
3206 1959 3458 2010 nostram
3475 1972 3498 2017 ,·
3523 1949 3587 2010 in
3610 1950 3932 2032 Symbolo:
3959 1951 4068 2014 Je-

2515 2055 2642 2094 snm
2673 2034 3072 2114 Chrietmn,'et
3091 2041 3297 2102 omnia
3331 2044 3517 2105 verba
3549 2043 3791 2106 articuli
3818 2065 3833 2104 ε
3862 2044 3945 2105 Ει
3964 2047 4067 2105 in-

2515 2140 2784 2189 carnatus
2810 2141 2887 2190 eet
2913 2142 3014 2192 etc.
3043 2133 3066 2212 (.
3080 2133 3158 2194 ad
3178 2154 3356 2214 quae,
3385 2135 3516 2199 loco
3537 2139 3929 2213 reverentiae,
3955 2159 4064 2221 ge—

2518 2222 2784 2284 nussexio
2816 2226 3247 2304 praescribitur
3267 2230 3344 2289 ‘in
3372 2231 3566 2292 tribus
3590 2233 3794 2295 Missis
3818 2234 4056 2296 Nativi-

2515 2315 2654 2376 tatis
2683 2316 2959 2391 Domini,
2989 2326 3050 2379 et
3076 2320 3141 2380 in
3171 2321 3270 2383 die
3301 2324 3796 2388 Annuntiationis
3842 2329 4063 2391 Bautae

2516 2408 2746 2472 Mariae
2771 2413 3042 2491 tantum)
3072 2424 3122 2472 et
3144 2416 3316 2474 simnl
3335 2418 3636 2488 adoratur,
3664 2422 4063 2500 sequentibus

2513 2502 2697 2563 simul
2734 2510 2797 2564 et
2839 2524 3072 2585 semper
3123 2507 3418 2572 Ministris
3461 2513 3689 2592 paratis
3731 2514 3837 2575 Ex
3878 2515 4052 2577 Mise-

2631 2637 2736 2750 92.
2754 2692 2825 2750 Ιιι
2849 2701 3021 2753 nocte
3039 2690 3383 2756 Nativitatis
3399 2697 3642 2759 Domini
3667 2718 3789 2761 non
3811 2711 4062 2779 possunt

2511 2782 2627 2844 dici
2661 2793 2779 2846 tres
2809 2784 3025 2848 Missae
3053 2786 3326 2866 privatae
3373 2788 3714 2852 immediate
3759 2802 3894 2873 post
3951 2796 4060 2857 de—

2509 2885 2832 2950 cantatam,
2877 2878 3036 2939 circa
3078 2880 3240 2959 quod
3265 2881 3432 2943 adest
3472 2884 3777 2945 decretum
3822 2889 4053 2950 tenoris

2507 2971 2811 3051 sequentis
2832 3014 2848 3031 .
2884 2972 2955 3031 In
2985 2972 3254 3035 Lucana.
3291 2974 3642 3038 Inhaerendo
3668 2981 3804 3040 aliis
3837 2983 4056 3041 resolu-

2513 3068 2755 3125 tionibus
2779 3068 2935 3127 circa
2977 3061 3396 3129 celebrationem
3445 3073 3622 3130 trium
3650 3071 3969 3133 Missurum
3994 3078 4059 3135 in

2508 3172 2663 3222 nocte
2708 3161 2945 3224 Natalis
2980 3160 3213 3224 Domini
3237 3165 3387 3225 aliae
3428 3166 3633 3236 edidit,
3667 3178 3719 3227 et
3763 3170 4057 3246 siqnanter

2507 3257 2609 3314 snb
2632 3256 2720 3315 (lic
2748 3260 2806 3315 7.
2860 3255 3112 3316 Decemb.
3167 3262 3342 3318 1641.
3395 3260 3602 3319 iterum
3639 3261 3948 3322 declaravit
3976 3262 4050 3324 S.

2509 3350 2751 3410 menum
2795 3348 3067 3429 Conqreq.
3124 3371 3237 3411 non
3286 3372 3393 3412 esse
3414 3356 3852 3433 permittendum
3890 3377 4058 3418 mm

2511 3444 2896 3514 introductum
2929 3463 2967 3504 a
2996 3446 3330 3505 nonnnnllis
3362 3444 3665 3509 Canoniois
3687 3459 3736 3507 et
3763 3448 4060 3529 Presbyte-

2509 3538 2592 3595 ris
2632 3536 2918 3597 Ecclesiae
2958 3536 3222 3598 Lucanae
3249 3585 3267 3608 ,
3319 3540 3637 3603 celebrandi
3682 3552 3790 3601 tres
3837 3542 4055 3613 Missae

2504 3631 2765 3709 prii-atas
2791 3631 3108 3691 immediate
3144 3641 3269 3710 post
3296 3632 3651 3693 decantatam
3675 3633 3922 3695 Missam
3966 3657 4059 3697 so-

2498 3725 2745 3783 lemnem
2764 3725 2828 3788 in
2853 3724 3040 3785 media
3063 3736 3220 3784 nocte
3249 3724 3490 3788 Natalis
3513 3725 3767 3797 Domini,
3815 3732 3909 3789 sed
3935 3751 4057 3791 om-

2509 3818 2647 3875 nino
2666 3817 3108 3895 prohibendum:
3130 3817 3210 3877 ·8.
3247 3818 3321 3878 R.
3357 3816 3425 3879 C.
3465 3824 3563 3881 22.
3598 3819 3746 3881 Νου.
3785 3827 3959 3897 1681.
3993 3828 4059 3884 in

2510 3907 2769 3978 Lucana,
2801 3920 2851 3968 el
2878 3913 2972 3979 15.
3002 3907 3161 3989 Sepl.
3202 3915 3373 3972 1668.
3401 3914 3465 3970 in
3496 3911 3757 3973 Januen.

2630 4008 2726 4063 93.
2759 4002 2820 4063 5ἰ
2868 4002 3074 4081 Altare
3103 4024 3222 4089 non
3262 4004 3512 4067 haberet
3559 4006 3874 4085 planitiem
3898 4056 3916 4083 ,
3948 4012 4053 4073 sed

2512 4094 2733 4157 multos
2775 4095 3020 4177 gradus,
3048 4097 3141 4157 vel
3172 4097 3221 4157 si
3247 4098 3439 4177 ipsam
3467 4098 3718 4161 haberet
3756 4102 3938 4163 nimis
3965 4103 4057 4166 la-

2515 4198 2657 4263 tam,
2687 4189 2864 4251 debet
2885 4189 2952 4249 in
2977 4208 3048 4250 eo
3074 4189 3295 4270 apponi
3317 4191 3610 4270 pradella,
3639 4212 3795 4273 quae
3823 4195 4055 4259 dividat

2511 4282 2703 4344 altare
2730 4301 2766 4343 a
2790 4282 3082 4363 planitie3
3110 4292 3170 4344 et
3214 4283 3500 4345 Sacerdos
3529 4284 3782 4365 incipiat
3812 4289 4057 4352 Missam

2509 4385 2648 4438 ante
2673 4376 2864 4456 ipsam
2886 4375 3261 4456 pradellam3
3288 4375 3356 4437 S.
3369 4378 3455 4439 R.
3485 4372 3555 4440 C.
3593 4384 3688 4441 16.
3703 4381 3848 4443 Jan.
3877 4388 4048 4444 1683.

2511 4475 2575 4531 in
2593 4467 2921 4533 Granaten.

2583 4568 2722 4626 94.
2761 4564 2975 4625 Modus
3009 4564 3398 4629 benedicendi
3430 4547 3636 4640 alios,
3658 4566 3754 4629 vel
3780 4587 3909 4629 rem
3937 4568 4053 4631 ali-

2510 4676 2727 4737 quam;
2776 4658 2990 4719 debet
2980 4677 3107 4719 esse
3132 4678 3270 4718 cum
3319 4678 3502 4720 manu
3532 4670 3726 4734 recta,
3758 4669 3817 4722 et
3845 4661 4055 4743 digitis

2505 4752 2682 4812 simul
2706 4752 2954 4834 junctis,
2987 4759 3049 4813 et
3078 4752 3379 4827 extensis,
3364 4774 3379 4789 ·
3414 4753 3483 4813 S.
3514 4755 3589 4815 R.
3642 4754 3710 4815 C.
3743 4759 3842 4816 24.
3892 4755 4053 4818 Iulii

2510 4851 2682 4907 1683.
2707 4846 3186 4925 inAlbinqanen.

2624 4946 2721 5008 95.
2755 4941 2980 5002 Patena
3004 4942 3082 5002 ad
3110 4940 3405 5003 Missam
3387 4961 3452 5002 ιιι
3478 4943 3897 5017 extremitate,
3947 4964 4054 5006 seu

2506 5052 2613 5095 ora
2637 5016 2886 5113 patenae
2912 5033 3340 5115 congruentius
3358 5042 3447 5095 est
3475 5034 3840 5111 osculanda3
3875 5035 3943 5097 8.
3969 5038 4046 5098 B.

2510 5124 2578 5187 C.
2613 5130 2710 5187 24.
2740 5125 2912 5185 Iunii
2941 5131 3111 5188 1683.
3131 5129 3208 5189 in
3239 5126 3618 5206 Albinqanen.

2625 5223 2721 5279 96.
2749 5219 3015 5280 Rubrica
3035 5220 3306 5281 concedit
3331 5240 3474 5281 usus
3496 5220 3874 5302 planetarum
3897 5242 4053 5283 com-

2507 5311 2866 5392 plicatarum
2895 5319 3036 5373 ante
3065 5321 3266 5392 pectus
3288 5313 3589 5387 Diaconis,
3643 5323 3704 5375 et
3725 5314 4054 5376 Subdiaco-

2512 5404 2605 5465 nis
2634 5403 3114 5466 ministrantibus
3146 5404 3210 5465 in
3234 5404 3415 5468 Missa
3442 5402 3717 5481 solemni,
3752 5405 3817 5468 in
3839 5406 4052 5471 Cathe-
