4487 6316
998 523 1108 576 20⁶

821 666 1105 731 erationis
1142 673 1543 727 momentum.
1578 663 1775 738 ¹Quod
1829 681 1952 723 non
2008 661 2093 723 ita
2131 660 2361 721 intelli·-

823 761 1085 844 gendum
1135 767 1253 832 est,
1286 769 1378 820 ¹ut
1415 757 1808 820 intentionem
1844 756 2069 834 habere
2109 756 2374 837 debeant

822 852 1204 917 consecrandi
1247 852 1455 913 eodem
1500 858 1852 922 momento,·
1873 869 2002 930 quo
2043 840 2372 930 Episcopus

820 957 1090 1011 extrema
1113 946 1345 1007 formae
1371 947 1556 1007 verba
1584 940 1933 1026 protulerit,
1969 943 2101 1035 sive
2125 944 2235 1024 ipsi
2269 956 2374 1005 an-

825 1050 913 1115 te,
944 1042 1071 1102 sive
1096 1050 1299 1121 postea
1339 1041 1595 1101 formam
1624 1037 2055 1119 wmpleverint
2080 1059 2097 1112 3
2142 1038 2372 1100 formae

826 1135 992 1198 enim
1018 1136 1259 1197 effectus
1287 1134 1566 1215 suspendi
1599 1153 1720 1194 non
1753 1141 1973 1214 potest3
2011 1133 2109 1192 sed
2147 1131 2372 1216 intelli-

827 1231 1112 1320 gendum,
1144 1249 1244 1291 eos
1272 1238 1548 1310 oportere
1573 1247 1752 1289 omne
1771 1227 2036 1289 studium
2059 1227 2370 1298 adhibere,

822 1332 893 1388 ut
917 1323 1611 1387 ultima‘formaeverha
1640 1321 1951 1403 proferant
1973 1341 2264 1391 unacum
2292 1322 2373 1381 E-

824 1418 1087 1500 piscopo,
1121 1438 1191 1481 ea
1218 1417 1571 1489 intentione,
1604 1425 1671 1477 ut
1706 1416 1768 1476 in
1802 1416 1965 1477 hunc
1988 1416 2233 1476 modum
2258 1415 2377 1476 for-

825 1532 989 1574 mam
1014 1510 1477 1573 consecrationis
1516 1509 1889 1591 perficientes
1910 1554 1927 1583 ,
1963 1527 2086 1570 una
2125 1528 2265 1570 cum
2293 1509 2371 1569 E-

826 1590 1067 1689 piscopo
1107 1613 1473 1669 consecrent:
1511 1624 1587 1665 ex
1617 1624 1738 1684 quo
1779 1604 1886 1677 sit,
1919 1610 1989 1664 ut
2022 1603 2073 1664 si
2104 1611 2245 1665 ante
2268 1603 2371 1664 *vel

822 1710 966 1782 post
987 1701 1348 1782 Episcopum
1375 1700 1632 1767 sormam
1660 1698 1995 1770 absolvant,
2030 1717 2151 1759 non
2175 1716 2375 1758 conse-

825 1801 1027 1867 crent,
1041 1793 1294 1874 eoquod
1319 1811 1442 1854 non
1472 1793 1800 1854 habuerint
1825 1791 2218 1854 intentionem
2239 1810 2376 1852 con·

825 1889 1132 1961 secrandl,
1161 1888 1276 1951 hoc
1302 1885 1480 1949 modi)
1505 1887 1901 1949 absolventes.

943 1983 1457 2063 7.1dest,quod
1494 1982 1663 2044 docet
1694 1973 1938 2068 Sylvius
1972 1980 2082 2042 loc.
2118 1980 2219 2041 cit.
2259 1979 2375 2040 Sed

722 2117 787 2159 b,
828 2076 1124 2142 tutissima
1150 2077 1391 2138 videtur
1417 2096 1544 2153 esse
1586 2076 1878 2158 Cajetani
1898 2075 2232 2147 sententia,
2268 2073 2374 2153 qui

721 2178 1061 2273 ..e-monet,
1093 2179 1163 2232 ut
1194 2171 1472 2232 Ordinati
1504 2170 1902 2232 intentionem
1943 2170 2208 2232 habeant
2234 2182 2375 2249 pro-

721 2244 1062 2325 serendi
1087 2265 1277 2327 'verba
1309 2285 1383 2326 eo
1412 2266 1590 2326 modo
1617 2284 1803 2345 quam
1826 2271 2080 2344 possunt
2106 2279 2375 2325 accomo-

830 2358 1170 2433 (latissimo,
1200 2379 1379 2422 omne
1400 2360 1667 2421 studium
1693 2368 1754 2421 et
1784 2358 2173 2440 diligentiam·
2199 2355 2375 2418 adhi-

829 2454 1067 2528 bentes,
1113 2474 1193 2516 ne
1231 2475 1303 2515 ea
1344 2455 1683 2535 proferant
1696 2463 1836 2515 ante
1848 2452 2261 2535 Episcopum.
2299 2450 2382 2510 Et

833 2538 1229 2633 Pasqualigus
1255 2549 1432 2610 dec-is.
1467 2548 1682 2610 Moral.
1716 2552 1876 2608 422..
1894 2555 2095 2609 monet
2126 2538 2384 2607 Ordina-

837 2651 958 2715 toS,
1002 2650 1070 2702 ut
1095 2662 1279 2722 quam
1304 2650 1567 2726 possunt
1594 2641 2053 2723 diligentissime
2075 2639 2383 2720 proferant

837 2736 1312 2798 Consecrationis
1336 2737 1522 2798 verba
1558 2746 1696 2797 cum'
1725 2736 2017 2815 Episcopo
2040 2751 2383 2814 expraesam

838 2825 1230 2893 intentionem
1254 2831 1544 2893 habentes
1568 2830 1949 2891 consecrandi
1971 2829 2242 2890 eamdem
2265 2827 2385 2888 110-

837 2924 1038 2997 sfiam,
1069 2925 1467 3004 eumdemque
1492 2923 1749 2985 Calicem
1772 2922 1951 2983 simul
1981 2941 2116 2983 cum
2147 2921 2386 3001 Episco-

838 3036 941 3099 ρος
977 3018 1160 3099 idque
1187 3019 1332 3080 satis
1356 3038 1508 3092 esse,
1539 3038 1648 3079 nec
1680 3016 1861 3078 anxie
1888 3016 2287 3077 laborandum
2310 3015 2385 3076 de

824 3113 1149 3192 absurdis,
1192 3132 1348 3194 quae
1386 3119 1731 3194 proponunt
1775 3113 2078 3172 Doctores:
2100 3129 2186 3172 ·ea
2219 3108 2382 3171 ‘enim

751 3208 800 3262 ·.’
842 3209 984 3270 satis
1012 3199 1402 3282 sublataesse
1426 3208 1661 3280 videri,
1690 3207 1739 3268 si
1769 3206 2214 3268 consideramus
2238 3205 2385 3284 Epi-

781 3329 797 3338 ·
844 3308 1088 3382 scopum
1118 3321 1243 3371 esse
1268 3302 1656 3383 praecipuum
1690 3308 2153 3386 consecrantem,
2187 3299 2389 3360 Sacer-

828 3397 1012 3474 fdotes
1039 3416 1184 3459 vero
1206 3396 1281 3459 ad
1301 3396 1551 3458 eandem
1573 3395 2076 3458 consecrationem
2096 3402 2383 3474 tauquam

843 3491 1196 3552 accessorios
1225 3507 1611 3562 concurrere3
1645 3508 1714 3551 ac
1739 3487 1995 3550 formam
2011 3534 2027 3561 ,
2058 3507 2242 3569 quam
2273 3486 2387 3567 ipsi

840 3584 1157 3665 proferunt
1195 3604 1334 3647 cum
1371 3585 1696 3666 Episcopo,
1746 3583 2055 3645 moraliter
2096 3601 2223 3644 esse
2249 3602 2387 3643 cum

844 3696 915 3740 ea
941 3681 1319 3762 conjunctam
1342 3725 1359 3754 ,
1388 3699 1570 3760 quam
1607 3679 1734 3759 ipse
1773 3677 2001 3758 profert
2025 3676 2385 3757 Episcopus:

834 3792 921 3834 ea
940 3790 1073 3853 ·quo
1093 3771 1186 3848 fit,
1217 3783 1286 3836 ut
1309 3774 1540 3837 etiamsi
1565 3774 1908 3834 Sacerdotes
1933 3770 2028 3832 vel
2060 3769 2266 3851 paullo
2285 3789 2391 3832 an-

846 3874 937 3940 te,
967 3868 1062 3929 vel
1087 3867 1312 3949 ‘paullo
1354 3875 1487 3948 post
1511 3867 1871 3947 Episcopum
1899 3858 2154 3925 'formam
2183 3863 2389 3942 exple·

846 3960 1079 4033 verint,
1111 3981 1182 4023 ea
1210 3970 1408 4022 tamen
1442 3960 1736 4022 censenda
1762 3958 1841 4019 sit
1873 3966 2161 4037 tanquam
2194 3955 2393 4037 prola-

844 4063 905 4117 ta
931 4055 1241 4117 moraliter
1266 4074 1387 4115 una
1412 4073 1548 4115 cum
1577 4052 1890 4134 Episcopo,
1924 4070 1993 4113 ae
2013 4068 2197 4111 unam
2223 4068 2390 4110 eam-

844 4149 1104 4230 demque
1123 4149 1443 4211 constituat
1457 4150 1982 4210 consecrationem.
2008 4145 2086 4205 Et
2105 4145 2394 4205 Innocen-

850 4244 969 4304 tius
995 4245 1107 4305 Ill.
1132 4243 1241 4305 lib.
1267 4248 1325 4304 4.
1357 4243 1433 4304 de
1455 4240 1757 4325 Mysteriis
1776 4241 1993 4303 Missae
2013 4257 2142 4318 cap.
2182 4242 2281 4297 25.
2309 4222 2394 4299 ita

847 4356 977 4398 rem
1003 4337 1308 4418 explanat:
1342 4336 1489 4398 Cum
1508 4338 1794 4397 interdum
1826 4337 1932 4395 ani
1950 4333 2217 4414 Pontifici
2241 4331 2393 4389 reml-

850 4434 899 4491 a·
924 4430 1249 4494 Sacerdotes
1276 4433 1677 4500 concelebrent,
1712 4433 1764 4491 si
1792 4431 1933 4508 rorte
1962 4443 2076 4487 non
2106 4444 2290 4485 omnes
2304 4426 2394 4483 si-

848 4526 985 4585 mul
999 4515 1405 4587 consecratoria
1430 4527 1605 4586 verba
1617 4526 2029 4605 pronuntiant,
2061 4521 2390 4599 quaeritur,

845 4639 925 4680 an
970 4621 1069 4680 ille
1107 4623 1256 4681 solas
1304 4621 1603 4704 conficiat,
1643 4622 1744 4699 qui
1770 4620 1992 4700 primus
2028 4616 2387 4696 pronuntiat.

850 4713 1011 4789 Quid
1034 4719 1358 4794 erqoceteri
1398 4718 1652 4796 saciant?
1675 4714 1771 4774 An
1812 4716 2022 4774 iterant
2053 4709 2395 4770 Sacramen-

854 4814 1007 4869 tum?
1032 4808 1251 4869 Poterit
1274 4830 1403 4890 erqo
1426 4813 1761 4889 comitique,
1786 4807 1934 4888 qaod
1962 4805 2061 4864 ille
2074 4821 2202 4862 ‘non
2232 4804 2399 4884 confi-

853 4904 953 4973 cit,
978 4905 1079 4990 qui
1100 4901 1334 4965 celebrat
1359 4907 1781 4986 principaliter,
1807 4912 1858 4963 et
1878 4902 1978 4961 ille
1996 4898 2271 4979 conficiet,
2299 4899 2401 4976 qui

854 4998 1185 5058 secundario
1205 4993 1529 5070 celebravit,
1551 5011 1602 5060 et
1630 5001 1709 5059 sic
1732 4999 1838 5078 pia
1856 4993 2398 5056 celebrantis-imon-

857 5093 937 5152 tio
960 5092 1355 5169 frustrabitur.
1392 5091 1546 5155 Sane
1572 5094 1687 5154 dici
1713 5102 1765 5152 et
1792 5087 2113 5192 responderi
2140 5087 2402 5174 probabi

861 5186 993 5246 liter
1006 5196 1213 5268 potest,
1244 5188 1392 5266 quod
1408 5189 1521 5248 sive
1544 5190 1739 5269 prius,
1762 5185 1895 5246 sive
1908 5184 2185 5264 posterius
2217 5171 2402 5260 profe-

1761 523 1847 572 DE
1885 517 2368 571 SACROSARCTO
2404 513 2619 579 &1185AE
2654 514 2884 567 samur·
2891 515 3032 566 1010

2477 667 2591 720 art.
2627 663 2687 717 2.
2731 657 2966 736 disput.⁴
3004 659 3142 716 219.
3177 673 3307 734 cap.
3344 658 3403 714 4.
3443 652 3678 734 egregie
3703 649 3779 712 de
3817 649 3931 718 hac
3958 668 4025 713 re

2478 745 2777 831 disputa‘t3
2808 749 3037 828 aitque:
3077 747 3401 809 Sacerdotes
3435 766 3619 806 recens
3645 746 3951 806 *ordinatos
3973 754 4026 805 et

2478 845 2836 924 Presbyteros
2858 864 2984 917 cum
3013 843 3387 923 Episcopo-in
3414 841 3672 901 Ecclesia
3695 837 3955 925 Graeca,
3977 850 4028 901 et

2478 941 2822 1020 Episcopum
2866 926 3064 999 recens¹
3091 947 3469 1018 consecratum
3502 956 3628 995 cum
3662 934 4030 1017 Consecraate

2479 1035 2643 1094 verba
2672 1032 3115 1093 Consecrationis
3141 1051 3267 1090 cum
3291 1031 3594 1110 sufficienti
3623 1030 3927 1089 intentione
3953 1030 4029 1090 ad

2479 1128 2912 1196 consecrandum
2946 1126 3196 1205 proferre
3236 1125 3446 1191 debere:
3470 1114 3758 1203 additque
3785 1142 4027 1184 omnem
4126 1133 4134 1147 ¹

2481 1219 2856 1302 diligentiam
2902 1238 3029 1281 esse
3078 1217 3483 1279 adhibendam
3513 1262 3529 1289 ,
3571 1237 3640 1276 ne
3684 1216 4032 1296 Episcopum

2478 1317 2774 1394 praecipue
2804 1313 3261 1381 celebrantem-in
3286 1311 3602 1390 prolatione
3625 1312 4029 1389 praet-eniam,-

2481 1408 2723 1469 demum
2751 1405 3084 1477 concludit,
3116 1404 3164 1464 si
3207 1403 3366 1473 forte
3391 1402 3692 1484 quispiam
3716 1412 3859 1465 ante
3885 1401 4029 1482 Epi·

2482 1520 2725 1580 scopum
2766 1496 3239 1560 Consecrationis
3280 1496 3495 1573 ultima
3531 1496 3717 1558 verba
3757 1514 4028 1575 pronun-

2484 1595 2721 1656 tiaverit
2740 1593 2890 1653 nihil
2910 1594 3036 1711 fieri
3055 1603 3258 1652 contra
3269 1592 3513 1651 debitam
3532 1592 3898 1651 reverentiam
3920 1587 4030 1651 Soe-

2479 1690 2772 1749 crarnemi.

2553 1788 2682 1842 -.8
2720 1779 3043 1860 Reliquum
3083 1786 3215 1852 est,
3260 1785 3331 1839 ut
3373 1776 3669 1857 quaedam
3716 1777 3985 1839 dicamus
4007 1820 4024 1851 ,

2479 1874 2642 1957 quae
2691 1874 2768 1935 ad
2815 1872 3104 1934 Sacrificii
3162 1869 3624 1952 applicationem
3679 1871 4023 1951 pertinent.

2481 1967 2766 2044 Quaestio
2789 1975 2878 2028 est
2908 1966 3066 2028 inter
3092 1964 3443 2047 Theologos‚
3480 1985 3559 2026 an
3583 1965 3905 2047 applicatio
3929 1965 4032 2037 Sa·

2481 2061 2694 2125 crificii
2725 2062 2866 2143 poni
2896 2060 3124 2140 possint
3149 2060 3214 2120 in
3256 2060 3364 2123 Dei
3395 2059 3737 2135 voluntate,
3764 2060 3872 2141 qui
3902 2061 4032 2141 ejus

2483 2157 2748 2218 fructum
2769 2155 3047 2236 applicet,
3070 2162 3140 2216 ut
3168 2155 3284 2216 sibi
3305 2154 3572 2215 libuerit.
3610 2156 3683 2216 In
3709 2174 3831 2235 qua
3853 2174 4036 2235 quae-

2483 2254 2706 2323 stione,
2741 2261 2809 2311 ut
2845 2250 3202 2332 plerumque
3242 2249 3343 2321 fit,
3377 2249 3480 2309 alii
3527 2249 3593 2309 in
3620 2249 3771 2311 alias
3809 2251 4037 2311 abeunt

2485 2345 2826 2408 sententias.
2859 2345 2972 2406 Sed
3003 2344 3299 2407 tutissima
3327 2343 3540 2425 regula
3562 2351 3680 2416 est,
3710 2352 3780 2405 ut
3822 2343 4031 2405 Sacer-

2486 2442 2593 2502 dos
2625 2448 2948 2520 antequam
2979 2439 3058 2500 ad
3088 2439 3293 2501 Altare
3318 2438 3592 2510 accedat,
3622 2457 3723 2500 eas
3748 2457 4033 2519 personas

2488 2534 2862 2607 determinet,
2896 2552 3007 2613 pro
3037 2534 3261 2613 quibus
3290 2532 3549 2593 intendit
3581 2552 3777 2605 orare,
3813 2542 3884 2593 ut
3912 2532 4035 2594 illis

2488 2631 2703 2691 Missae
2744 2627 3106 2699 sacrificium
3135 2617 3488 2708 applicetur.
3535 2625 3686 2688 Cum
3729 2626 3805 2687 de
3832 2626 4035 2687 inten-

2489 2723 2652 2798 tione
2700 2723 3047 2804 scripsimus
3070 2767 3086 2794 ,
3147 2732 3332 2801 quam
3375 2720 3758 2783 Sacerdotem
3809 2721 4036 2783 habere

2489 2827 2722 2899 oportet
2743 2818 2984 2880 Missam
3006 2818 3449 2878 celebraturum
3479 2817 3733 2905 faciendi
3764 2817 3849 2890 id,
3872 2816 4032 2898 quod

2490 2912 2752 2991 Ecclesia
2775 2912 2970 2973 facere
2997 2911 3276 2980 intendit,
3303 2911 3591 2991 optimam
3616 2910 3930 2971 docuimus
3948 2929 4036 2970 es-

2491 3026 2554 3067 se
2587 3007 2980 3068 intentionem
3010 3004 3328 3077 actualem;
3353 3002 3673 3067 virtualem
3700 3013 3896 3066 tamen
3915 3003 4035 3064 suf·

2489 3100 2701 3175 ficere,
2745 3101 2994 3163 minime
3034 3119 3177 3163 vero
3203 3099 3596 3166 habitualem.
3629 3100 3705 3162 At
3749 3098 4033 3162 intentio·
4078 3118 4091 3157 ι
4098 3118 4259 3163 anenno
4294 3129 4376 3176 np-

2491 3217 2627 3258 nem
2658 3196 3001 3280 applicandi
3028 3196 3391 3257 sacrificium
3410 3195 3712 3277 vulgatior
3736 3195 4032 3259 sententia
4072 3173 4155 3275 322⁶
4141 3242 4158 3276 ι
4158 3175 4376 3276 ’ζζῖὶῗξζ

2490 3290 2698 3352 statuit
2746 3289 3015 3352 sufficere
3053 3289 3462 3363 habitualem;
3507 3288 3829 3371 applicatio
3867 3288 4036 3350 enim
4076 3288 4147 3334 ¹¹⁸·

2491 3394 2579 3447 est
2611 3384 2783 3465 quasi
2812 3386 3109 3465 quaedam
3134 3383 3411 3456 donatio,
3440 3403 3546 3444 seu
3569 3377 4041 3445 translatiofru·

2491 3488 2622 3541 ctus
2638 3525 2654 3553 ‚
2685 3480 2791 3560 qui
2819 3499 2854 3540 e
2873 3479 3061 3540 Missa
3085 3470 3503 3559 percipiendus
3523 3484 3633 3550 'est3
3664 3494 3820 3556 quae
3844 3474 4036 3537 dona-

2494 3575 2578 3637 tio
2604 3595 2720 3636 seu
2765 3574 2995 3635 fructus
3037 3571 3351 3634 translatio
3396 3571 3597 3633 valida
3638 3579 3758 3645 est;
3800 3561 4035 3632 etiamsi

2495 3669 2685 3730 multo
2716 3677 2980 3748 tempore
2999 3655 3316 3728 antefacta
3333 3665 3452 3737 sit,
3482 3673 3543 3726 et
3569 3663 3776 3726 multis
3803 3663 4039 3727 actibus

2495 3764 2867 3842 interrupta,
2900 3760 3245 3826 dummodo
3253 3766 3529 3836 revocata
3554 3779 3677 3822 non
3700 3755 3940 3821 fuerit.

2613 3863 2671 3917 9.
2719 3856 2992 3936 Denique
3021 3854 3371 3935 quaeritur,
3403 3854 3468 3915 in
3495 3873 3617 3942 qua
3652 3854 3868 3917 Missae
3894 3874 4036 3936 par·
4071 3892 4124 3933 1„
4163 3905 4250 3949 q„
4224 3891 4379 3935 nn„

2497 3959 2556 4013 te
2582 3950 2904 4031 applicatio
2936 3949 3208 4012 facienda
3245 3950 3340 4011 sit.
3365 3949 3628 4025 Quidam
3656 3956 3872 4030 putant
3899 3949 4035 4011 fieri
4075 3956 4282 4049 3²9⁸?-
4257 3948 4380 3991 ⁸⁸¹⁹·-

2496 4064 2628 4107 eam
2657 4064 2826 4125 posse
2850 4044 3032 4106 etiam
3062 4053 3195 4126 post
3221 4043 3762 4117 consecrationem,
3792 4044 3894 4106 sed
3925 4063 4037 4118 an·
4077 4063 4249 4122 pum.
4296 4019 4379 4066 Τ

2498 4147 2556 4201 te
2609 4139 3042 4219 sumptionem.
3102 4138 3286 4221 Cujus
3342 4138 3709 4218 quaestionis
3760 4137 4039 4200 enodatio

2498 4234 2716 4343 pendet
2744 4253 2819 4295 ex
2853 4233 3107 4295 celebris
3136 4232 3302 4294 illius
3328 4230 4034 4313 quaestionisdecisione,

2501 4329 2564 4389 in
2595 4347 2859 4408 quanam
2882 4328 3097 4390 Missae
3129 4327 3364 4389 actione
3387 4327 3500 4389 sita
3528 4327 3606 4388 sit
3631 4324 3918 4388 Sacrificii
3946 4324 4040 4386 vis

2499 4431 2559 4493 et
2573 4423 2857 4497 'essentia3
2887 4422 3052 4503 quod
3072 4431 3493 4503 argumentum
3516 4421 3791 4501 superius
3814 4427 4042 4500 pertra-

2499 4517 2812 4579 ctavimus.
2866 4517 3023 4579 Sane
3068 4515 3321 4588 Suarez',
3360 4516 3467 4596 qui
3497 4514 3797 4577 Sacrificii
3831 4534 4039 4576 essen-

2502 4612 2645 4674 tiam
2682 4611 2854 4693 pouit
2878 4610 2943 4671 in
2987 4610 3474 4685 Consecratione,
3529 4619 3730 4686 monet
3755 4610 4042 4673 Sacerdo-

2502 4715 2620 4769 tem
2635 4753 2653 4781 ,
2685 4717 2755 4768 ut
2780 4706 3023 4768 Missam
3051 4704 3309 4786 applicet
3334 4713 3476 4767 ante
3499 4703 4036 4772 consecrationem.

2503 4801 2725 4863 Contra
2745 4799 3261 4873 Salmanticenses,
3286 4799 3392 4880 qui
3417 4800 3622 4861 nonin
3642 4799 4045 4868 Consecratio-

2506 4915 2594 4958 ne‘
2611 4904 2847 4958 tantum
2863 4941 2879 4969 ‚
2905 4895 3030 4956 ”sed
3051 4894 3254 4956 'etiam
3288 4883 3354 4955 in
3388 4894 3736 4975 sumptione
3759 4884 4047 4957 siatuunt

2505 4991 2793 5053 Sacrificii
2818 4989 3168 5061 essentiam,
3204 4989 3448 5062 docent,
3478 5008 3647 5068 posse
3670 4988 4046 5051 Sacerdotem

2507 5083 2688 5146 etiam
2719 5090 2850 5163 post
2877 5081 3379 5145 consecrationem
3423 5081 3665 5144 Missam
3704 5081 4044 5170 applicare,

2508 5197 2694 5259 quam
2722 5176 2989 5244 nondum
3012 5174 3437 5255 applicaverit,
3470 5184 3537 5237 ut
3564 5176 3769 5239 videre
3788 5183 3878 5264 est
3899 5183 4042 5237 tom.

857 5290 991 5342 rant
1015 5278 1379 5353 Sacerdotes,
1408 5283 1633 5361 refer-ri
1641 5282 1792 5341 debet
1820 5297 2013 5339 eoram
2051 5276 2291 5336 intentio
2329 5274 2406 5334 ad
2513 5277 2607 5334 11.
2640 5273 2836 5333 Tract.
2851 5275 2967 5330 2.3
3001 5269 3075 5339 de
3095 5268 3433 5330 Eucharist.
3465 5268 3625 5350 disp.
3665 5273 3759 5330 13.
3794 5268 3860 5351 S.
3896 5273 3953 5329 3.
3981 5285 4044 5329 ιι.

859 5375 1076 5433 instans
1123 5377 1463 5454 prolationis
1510 5375 1810 5460 Episcopi,
1861 5374 1956 5432 cui
1999 5370 2401 5430 concelebrant.

867 5464 1135 5546 Vasquez
1176 5476 1319 5529 tom.
1366 5474 1424 5529 3.
1463 5467 1527 5529 in
1574 5472 1794 5548 3.›-par.
1844 5466 1916 5526 Ι).
1953 5461 2168 5525 ΤΙιοιιι.
2200 5479 2278 5541 q..
2303 5464 2401 5522 82.

2449 5435 2452 5438 Α
2515 5370 2611 5426 35.
2644 5366 2870 5426 Verum
2900 5362 3223 5435 Sacerdos,
3246 5381 3312 5423 se
3352 5369 3419 5422 ut
3450 5361 3733 5423 omnihus
3772 5360 4052 5442 expediat

2447 5456 2984 5531 difficultatibus,
3008 5454 3077 5516 in
3102 5455 3558 5536 praeparatione
3582 5455 3658 5518 ad
3687 5455 3933 5519 Missam
3952 5473 4054 5518 an-
