4487 6316
980 487 1081 538 ¹¹⁸

440 649 549 690 'tem
566 647 668 689 ritus
688 659 735 687 o-
796 689 812 704 γ’

444 704 517 748 lim
534 708 575 747 in
597 704 743 746 Eccle-

1664 484 1751 538 DE
1775 480 2260 540 s-tcnosANcTo
2293 478 2514 538 fflSSAE
2549 479 2930 541 sAcammo

900 633 958 690 6.
986 626 1288 691 vEcclesiae
1312 627 1574 692 Graecae
1601 627 1981 710 disciplinam
2020 628 2333 691 Gallicana
2442 629 2679 695 Tiliano
2710 637 2841 710 post
2885 629 2948 691 S.
2996 628 3298 692 Andream
3342 627 3541 691 Sancti
3582 626 3905 689 Gervasius
3942 631 4003 686 et

443 761 736 806 amum„
776 722 957 785 etiam
984 723 1297 803 aliquanto
1326 722 1578 785 retinuit
1618 730 1910 804 tempore,
1936 724 2107 806 cujus
2137 722 2225 783 rei
2256 741 2334 782 ex
2444 724 2770 804 Protasius,
2784 727 3033 806 etjmua
3049 722 3744 786 Ambrosianumffimm
3768 722 3830 782 S,
3859 723 4002 782 Am-

771 817 1034 897 quodam
1062 816 1126 878 S.
1158 816 1405 879 Martini
1432 816 1743 879 miraculo.
1766 817 2100 879 desumitur
2141 835 2325 897 argu·

773 919 1065 973 mentum.
1083 914 1231 974 Rem
1255 919 1464 974 narrat
1484 910 1808 994 Gregorius
1820 910 2184 973 Turonensis
2202 909 2249 970 l.
2269 914 2329 970 2.

2444 819 2681 881 brosius
2702 819 3114 881 nominantur.
3144 819 3341 898 Atque
3367 817 3468 879 hic
3494 816 3555 877 S.
3583 817 3852 878 Andreas
3872 814 4006 875 ideo

2447 912 2816 987 nominatur,
2844 912 3006 992 quod
3034 911 3369 992 primus-ad
3395 910 3807 991 Apostolatum
3835 928 4006 972 voca-

777 1006 852 1067 de
894 1006 1203 1068 Miraculis
1228 1005 1393 1067 illius
1419 1006 1618 1068 Sancti
1639 1025 1768 1086 cap.
1816 1012 1914 1067 30.
1946 1004 2213 1080 Quadam
2245 1006 2333 1064 die
2451 1018 2547 1071 tus
2575 1007 2712 1081 suit,
2747 1016 2818 1070 ut
2846 1014 3077 1069 constat
3101 1027 3177 1067 ex
3208 1005 3537 1086 Evangelio
3569 1004 3853 1072 ·Joannis,·
3882 1003 4008 1083 ipse

780 1100 1100 1170 Donuniea,
1123 1101 1259 1160 dum
1280 1099 1602 1161 Missurum
1616 1102 1883 1161 solemnia
1901 1100 2326 1160 celebrabantur
2448 1101 2609 1164 enim
2638 1102 2870 1183 primus
2891 1101 3196 1163 Christum
3225 1107 3550 1180 repererat,
3573 1100 3651 1162 ad
3672 1119 3856 1180 quem
3897 1099 4009 1159 Pe-

784 1196 978 1276 (muta
1029 1194 1323 1274 quaedam
1365 1193 1679 1275 Foemina)
1719 1214 1847 1254 eum
1871 1193 2089 1270 reliquo
2119 1189 2341 1271 Populo
2451 1205 2614 1258 trum
2648 1196 2894 1258 fratrem
2932 1214 3110 1256 suum
3140 1194 3414 1256 adduxit.

781 1291 988 1351 stabat.
1033 1288 1270 1360 Factum
1294 1300 1369 1349 est
1403 1299 1613 1359 autem,
1645 1309 1775 1348 cum
1799 1287 2098 1347 Doniinica
2128 1283 2338 1347 Oratio

785 1384 1085 1453 diceretur,
1117 1383 1248 1443 haec
1268 1390 1460 1462 aperto
1490 1402 1583 1442 ore
1620 1384 1793 1463 eoepit
1835 1392 2089 1442 sanctam
2115 1378 2349 1444 Oratio-

784 1498 913 1539 nem
946 1497 1072 1538 eum
1112 1475 1347 1555 reliquie
1389 1478 1713 1539 decantare.
1773 1477 1859 1537 De
1896 1473 2011 1536 hac
2050 1472 2348 1538 Ecclesiae

786 1570 1050 1633 Graecae
1073 1569 1397 1650 disciplina
1434 1569 1720 1650 legendus
1756 1570 2034 1632 Martene
2071 1568 2146 1629 de
2187 1565 2347 1629 anti-

788 1666 928 1746 quis
950 1665 1108 1727 Eccl.
1137 1664 1375 1725 Ritibus
1405 1664 1515 1725 lib.
1554 1669 1607 1725 1.
1638 1684 1770 1744 cap.
1805 1668 1864 1725 4.
1896 1671 2012 1725 art.
2047 1668 2105 1724 8.
2135 1681 2201 1722 n.
2238 1666 2339 1722 27.

738 1801 743 1808 ›
789 1768 851 1821 et
890 1759 965 1820 de
1003 1760 1347 1828 Gallicanae
1389 1758 1686 1820 Ecclesiae
1733 1755 2163 1822 consuetudine
2207 1756 2348 1818 vide

791 1852 1216 1915 Mahillonium
1246 1850 1354 1914 lib.
1391 1857 1446 1912 1.
1473 1852 1548 1914 de
1572 1849 1861 1932 Liturgia,
1872 1849 2184 1912 Gallicana
2210 1868 2342 1928 cap.

792 1954 851 2010 5.
884 1968 947 2009 n.
978 1953 1076 2009 23.
1114 1949 1187 2010 In
1211 1946 1335 2008 fine
1363 1945 1669 2009 Orationis
1688 1945 2037 2008 Dominicae
2063 1943 2351 2005 Sacerdos

785 2041 1091 2104 submissa·
1124 2050 1294 2104 vocet
1317 2040 1464 2102 dicit
1487 2039 1690 2111 Amen,
1728 2038 1839 2114 etsi
1879 2039 2047 2100 abest
2071 2057 2110 2100 a
2131 2036 2345 2098 Sacra·

787 2136 1083 2198 mentario
1112 2135 1173 2197 S.
1199 2135 1472 2216 Gregorii
1505 2134 1665 2196 edito
1698 2153 1735 2195 a
1763 2132 2076 2203 Menardo,
2107 2132 2190 2192 ob
2217 2149 2352 2191 eam

791 2228 1041 2292 fortasse
1076 2229 1372 2291 rationem
1396 2274 1413 2302 ,
1457 2226 1602 2309 quia
1649 2226 1956 2292 Orationis
2001 2224 2349 2287 Dominicae

793 2324 1165 2386 continuatio
1187 2323 1483 2404 quaedam
1510 2329 1619 2396 est,
1649 2340 1807 2403 quae
1848 2319 2121 2400 proxime
2150 2317 2354 2397 sequi-

788 2425 889 2480 tur
915 2417 1146 2491 Oratio,
1169 2417 1374 2479 Libera
1400 2437 1500 2477 nos
1530 2435 1600 2478 ac
1624 2414 1844 2477 desinit
1869 2413 1933 2474 in
1954 2413 2133 2473 Amen
2153 2412 2352 2474 dicen-

794 2512 943 2574 dum
969 2532 1005 2575 a
1033 2511 1334 2586 Ministr03
1361 2531 1503 2573 nam
1538 2510 1715 2572 Pater
1740 2520 1924 2569 noster
1953 2507 2115 2587 apud
2144 2509 2348 2568 Evan-

790 2608 1032 2689 gelistas
1056 2607 1357 2670 clauditur
1378 2626 1523 2668 voce
1563 2604 1765 2678 Amen,
1802 2603 2197 2685 quamobrem
2243 2602 2358 2664 Ec·

799 2702 980 2765 clesia
1004 2702 1184 2764 etiam
1213 2702 1276 2763 in
1297 2701 1478 2763 Missa
1502 2719 1609 2782 per
1634 2719 1768 2762 eam
1796 2718 2001 2760 vocem
2025 2695 2356 2758 terminan-

801 2796 945 2857 dum
993 2795 1391 2868 existimavit,
1428 2814 1586 2875 quae
1624 2802 1796 2855 vetus
1839 2801 1927 2854 est
1963 2789 2353 2863 consuetudo,

802 2893 972 2973 cujus
998 2890 1272 2951 meminit
1315 2890 1426 2951 lx.
1462 2887 1683 2950 saeculi
1729 2885 1983 2965 scriptor
2022 2883 2262 2958 Florus,
2295 2889 2363 2944 ut

799 2984 1080 3046 observat
1098 2984 1180 3046 Le
1211 2985 1377 3052 Brun
1404 2992 1549 3044 tom.
1588 2987 1640 3042 1.
1675 3000 1811 3062 pag.
1847 2985 1984 3040 569.

473 3087 764 3146 bestamo·
923 3084 983 3139 7.
1013 3079 1149 3141 Jam
1180 3096 1324 3140 vero
1350 3077 1415 3138 in
1444 3076 1753 3149 Oratione,
1782 3073 1985 3134 Libera
2008 3092 2130 3146 noe,
2164 3071 2366 3133 Sacer·

473 3144 759 3246 auc-›staber-
799 3172 906 3235 dos
935 3172 1261 3234 Dominum
1288 3179 1589 3253 precatur;
1612 3179 1683 3236 ut
1709 3189 1818 3230 nos
1839 3168 2056 3229 liberet
2083 3168 2156 3228 ab
2175 3167 2359 3226 omni-

805 3267 905 3327 bus
923 3269 1091 3328 malie
1109 3268 1454 3348 praeteritis,
1475 3283 1633 3345 quae
1661 3270 1802 3323 sunt
1824 3270 2082 3342 peccaui:
2105 3279 2367 3340 praesen-

804 3364 972 3433 tibus,
995 3381 1152 3442 quae
1175 3368 1316 3422 sunt
1356 3359 1561 3421 variae
1608 3356 1986 3428 tentationes,
2016 3353 2241 3434 quibus
2281 3352 2361 3417 ad

804 3455 1170 3538 peccandum
1196 3449 1590 3535 impellimdr3
1613 3452 1850 3530 futuris.
1878 3468 2037 3531 quae
2060 3456 2204 3509 sunt
2224 3465 2362 3528 poe-

794 3571 910 3613 nae
935 3550 1188 3630 pecratis
1209 3549 1469 3621 debitae,
1502 3546 1628 3609 sive
1656 3543 2013 3627 temporales
2056 3541 2200 3615 sint,
2232 3540 2361 3602 sive

803 3654 1100 3711 aeternae.
1125 3644 1274 3706 Orat
1298 3642 1503 3716 etiarm
1525 3649 1593 3703 ut
1619 3639 1794 3702 nobis
1814 3657 2021 3719 pacem
2040 3635 2356 3717 largiaturz

806 3739 902 3801 Da
927 3742 1206 3821 propitius
1219 3758 1413 3820 pacem
1439 3740 1502 3797 in
1527 3737 1715 3796 diebus
1733 3735 2172 3811 nostri33neque
2195 3728 2363 3791 enim

806 3855 945 3900 cum
971 3842 1208 3914 peccato
1235 3852 1378 3894 vera
1404 3840 1595 3912 potest
1619 3849 1747 3891 esse
1772 3848 1911 3909 pax.
1943 3826 2081 3901 Non
2119 3836 2196 3887 eet
2232 3843 2361 3905 pax

806 3930 997 4010 impiis
1025 3977 1041 3999 ,
1083 3929 1220 3989 dieii
1253 3926 1528 3988 Dominus
1551 3970 1568 3999 ,
1613 3923 1804 3986 Isaiae
1845 3942 1975 4002 cap.
2019 3926 2117 3982 48.
2159 3939 2230 3981 ac
2273 3917 2351 3980 de

799 4022 1091 4105 ejusmodi
1118 4041 1261 4102 pace
1290 4020 1597 4101 praeclara
1621 4026 1682 4080 et
1707 4016 1985 4078 miranda
2013 4022 2176 4087 sunt,
2207 4031 2365 4093 quae

482 4170 516 4210 Α
539 4171 586 4209 R.
664 4171 690 4213 ¹.
734 4172 744 4183 .
805 4117 1043 4200 scripsit
1065 4118 1139 4178 D.
1169 4115 1541 4198 Augustinus
1569 4114 1645 4176 de
1677 4112 1931 4174 Civitate
1976 4110 2087 4173 Dei
2121 4109 2230 4170 lib.
2263 4113 2359 4169 19.

510 4178 766 4327 -μέἷῖἶιῒ
808 4232 937 4294 cap.
977 4216 1072 4273 11.
1102 4218 1164 4273 et
1188 4231 1312 4290 seq.
1346 4208 1505 4283 Quia
1546 4227 1689 4270 vero
1719 4207 1779 4267 in
1813 4205 1927 4268 hac
1959 4203 2249 4267 Oratione
2271 4201 2367 4264 di-

481 4287 560 4327 ¹³⁸¹⁹
614 4288 773 4328 ¹⁰⁰⁸¹⁸⁸‘
810 4315 967 4368 serte
994 4304 1375 4367 nominamus
1406 4301 1585 4376 mala,
1614 4320 1653 4363 a
1678 4299 1902 4380 quibus
1929 4298 2188 4379 petimus
2219 4294 2369 4363 libe-

813 4400 961 4473 rari,
997 4399 1218 4461 idcirco
1253 4398 1402 4459 haec
1426 4395 1637 4459 Oratio
1677 4414 1715 4455 a
1769 4392 2104 4456 Ritualistis
2151 4409 2366 4472 graeca

808 4514 952 4557 voce
977 4494 1198 4557 dicitur
1226 4494 1626 4555 Embolismue.
1653 4489 1725 4549 Iu
1753 4487 1869 4549 hac
1886 4486 2093 4548 eadem
2123 4484 2365 4547 Oratio-

810 4609 889 4652 ne
908 4587 1286 4671 confugimus
1311 4586 1385 4650 ad
1409 4587 1477 4647 B.
1498 4583 1754 4655 Mariam
1773 4600 2007 4661 semper
2026 4578 2365 4660 Virginem,

812 4682 1060 4746 Sanctos
1079 4681 1392 4762 Apostolos
1411 4681 1657 4741 Petrum
1679 4685 1741 4738 et
1756 4673 2036 4757 Paulum,
2052 4681 2110 4735 et
2134 4671 2368 4759 Andre-

810 4796 933 4852 am,
964 4783 1027 4838 et
1061 4771 1323 4838 caeteros
1364 4791 1571 4835 omnes
1608 4770 1877 4832 Sanctos.
1929 4766 2172 4829 Licebat
2218 4763 2368 4826 olim

808 4870 1111 4934 Sacerdoti
1133 4867 1459 4931 celebranti
1484 4864 1786 4947 quoslihet
1803 4861 1956 4924 alios
1974 4861 2220 4922 Sanctos
2260 4858 2371 4920 ad-

482 5002 530 5042 1„
548 4999 689 5042 „dm
719 5015 770 5041 0,
801 4965 1011 5049 J'icere:
1054 4963 1320 5024 Aliorum
1351 4959 1695 5022 Sanctorum
1732 4958 1965 5025 nornina
1996 4972 2373 5015 annumerare

501 5057 571 5100 '⁵¹¹¹
603 5058 745 5100 ’ΨΜ
804 5081 920 5122 non
937 5036 1211 5125 debemus,-
1240 5057 1354 5116 nisi
1379 5073 1514 5133 quos
1543 5055 1608 5111 in
1633 5050 1861 5112 Canone
1881 5049 2192 5108 invenimus
2214 5048 2372 5107 anti-

482 5115 776 5216 ma:
817 5157 1008 5234 quitue
1038 5152 1356 5229 descriptos,
1384 5156 1608 5225 excepto
1633 5154 1759 5224 post
1789 5142 1962 5202 Pater
1985 5151 2191 5211 noster,
2213 5141 2278 5197 in
2306 5139 2378 5198 il·

482 5243 545 5278 ”·
814 5252 874 5315 la
906 5247 1199 5316 Oratione,
1223 5241 1428 5303 Libera
1460 5260 1581 5309 nos,
1606 5240 1707 5298 ubi
1725 5238 1907 5315 juxta
1946 5236 2198 5295 ordinem
2232 5252 2372 5312 quo·

813 5344 1074 5404 rumlibet
1102 5338 1449 5400 Sanctorum
1472 5335 1705 5412 nomina
1728 5334 2169 5392 internumerare
2184 5347 2377 5407 possie-

814 5456 973 5507 mus,·
1030 5432 1215 5496 verba
1251 5418 1393 5494 sunt
1442 5425 1751 5509 Micrologi
1785 5443 1914 5505 cap.
1953 5428 2048 5483 13.
2081 5422 2152 5483 ln
2179 5421 2380 5483 codice

2569 1297 2629 1352 8.
2655 1290 2918 1364 Quidam
2944 1310 3020 1351 ex
3040 1289 3322 1351 Patribus
3343 1298 3559 1368 putant
3588 1290 3833 1350 Petrum
3860 1287 4011 1349 fuis-
4081 1301 4133 1340 t·
4163 1300 4333 1338 Petru-

2456 1404 2519 1446 se
2539 1385 2803 1464 primum
2826 1384 2902 1446 ad
2926 1383 3327 1464 Apostolicam
3345 1383 3700 1465 dignitatem
3720 1390 4013 1443 vocatum.
4060 1365 4366 1467 ,Τίιῗῖζζῖῗῇ

2457 1479 2795 1561 Cyprianus
2819 1478 2990 1559 epist.
3018 1482 3118 1538 71.
3157 1476 3362 1538 Petrus
3395 1498 3552 1556 quem
3579 1479 3798 1558 primus
3825 1476 4017 1536 Dami-
4057 1478 4149 1512 ‘⁰²¹¹
4161 1476 4367 1512 mm*

2455 1595 2562 1635 nus
2588 1576 2778 1651 eleqit,
2800 1585 2849 1664 ⁶¹.
2871 1593 3038 1653 super
3056 1593 3218 1652 quem
3243 1573 3556 1654 aedificat-it
3584 1573 3897 1633 Ecclesiam
3916 1591 4015 1631 su-

2459 1689 2574 1729 am.
2601 1669 2680 1729 Et
2704 1668 2765 1729 S.
2789 1667 3121 1748 Gregorius
3160 1666 3270 1728 lib.
3298 1672 3356 1727 2.
3391 1667 3454 1727 in
3483 1665 3854 1727 Ezechielem
3897 1665 4019 1726 Ho-

2461 1762 2590 1824 mil.
2623 1767 2680 1822 6.
2712 1761 2864 1825 alias
2910 1766 3005 1822 18.
3037 1761 3130 1821 Ad
3173 1764 3497 1822 memoriam
3532 1780 3725 1821 remea
3754 1758 4015 1833 Petrum,

2460 1857 2608 1935 quod
2643 1857 2865 1936 primus
2892 1856 2968 1915 ad
2993 1854 3382 1935 ‚apostolatum
3404 1866 3628 1915 vocatus
3652 1855 3762 1918 sil..
3780 1852 3895 1914 Sed
3933 1860 4020 1915 ta-

2463 1969 2601 2014 men
2628 1948 2694 2010 hi
2724 1950 2931 2010 Patres
2969 1968 3092 2010 uon
3136 1947 3219 2009 ita
3249 1947 3657 2029 intelligendi,
3686 1947 3859 2027 quasi
3897 1945 4023 2009 exi·

2461 2042 2860 2116 stimaverint,
2875 2043 2952 2105 ad
2972 2042 3385 2123 Apostolatnm
3408 2051 3689 2104 vocatum
3708 2040 3893 2104 fuisse
3909 2042 4021 2104 Pe-

2463 2145 2627 2198 trum
2651 2137 2915 2217 priorem
2943 2146 3230 2217 tempore,
3253 2136 3353 2198 sed
3375 2155 3559 2215 supra
3576 2143 3841 2198 caeteros
3860 2137 4021 2217 Apo-

2461 2229 2644 2292 stolos
2668 2239 2726 2291 et
2757 2229 3084 2292 Ecclesiam
3125 2229 3470 2291 universam
3511 2229 3694 2291 fuisse
3733 2230 4022 2291 constitu·

2463 2331 2614 2384 tum.
2644 2324 2715 2384 ln
2743 2322 2994 2402 antiquo
3012 2321 3241 2384 Ordine
3264 2324 3535 2384 Romano
3561 2323 3673 2386 XI.
3699 2323 3860 2402 apud
3891 2323 4021 2384 Ma·
4063 2317 4287 2390 rana·-
4321 2347 4373 2389 s.

2462 2416 2785 2486 billonium
2812 2416 2876 2477 in
2907 2417 3150 2477 Musaeo
3179 2415 3387 2477 Italico
3407 2434 3543 2497 pag.
3572 2420 3707 2477 152.
3736 2415 4019 2489 habetur,
4063 2404 4243 2446 ΔΜ
4256 2404 4374 2446 0“’“““
4461 2465 4462 2468 ¹

2463 2512 2733 2573 Romano
2756 2509 3028 2571 Pontifici
3056 2509 3117 2570 s.
3150 2509 3426 2571 Andreae
3463 2509 3869 2571 rescivimem
3901 2529 4022 2571 non
4064 2463 4373 2584 ιτὶοῐιεἛῗζ-

4064 2588 4098 2615 r·
4116 2574 4374 2617 solomani·-

2461 2624 2628 2683 secus
2651 2623 2722 2666 ac
2753 2603 3191 2666 solemnitatem
3242 2604 3310 2664 B.
3339 2603 3497 2664 Petri
3541 2622 3667 2665 esse
3707 2603 4019 2666 celebran-
4061 2638 4103 2672 ,e
4118 2631 4375 2674 “W

2463 2699 2625 2771 dam,
2647 2709 2708 2761 et
2726 2698 2988 2760 officium
3011 2697 3229 2778 partim
3248 2697 3408 2777 apud
3420 2696 3627 2759 Altare
3644 2698 3706 2759 S.
3721 2699 4019 2776 Andreae,
4090 2697 4161 2731 ²¹¹¹·
4176 2704 4227 2730 κ
4247 2691 4340 2731 Ρ·-

2467 2792 2685 2873 partim
2709 2793 2789 2854 ab
2816 2793 2878 2853 S.
2904 2792 3063 2853 Petri
3093 2792 3488 2854 recitandum:
3513 2790 3586 2851 In
3608 2791 3928 2854 Festicitate
3950 2791 4021 2853 S„
4063 2754 4174 2846 :2⁰
4197 2749 4253 2789 B·
4277 2749 4372 2789 p..

2467 2885 2726 2947 Andreae
2760 2887 2920 2947 debet.
2941 2905 3049 2946 esse
3079 2885 3352 2945 Dominus
3374 2882 3649 2963 Pontifex
3680 2905 3809 2946 eum
3842 2887 4027 2945 omni-

2308 3032 2314 3042 .
2399 3034 2403 3038 .
2470 2982 2569 3041 bue
2615 2982 2816 3050 scholis
2860 2981 2936 3041 ad
2973 2978 3043 3039 S.
3075 2978 3363 3040 Andream
3402 2980 3467 3038 in
3515 2978 3808 3052 Vaticana,
3840 2981 4029 3059 ibique

2470 3075 2788 3156 honorifice,
2811 3077 2956 3135 sicut
2986 3077 3051 3134 in
3093 3069 3410 3135 Festa-itate
3439 3072 3508 3133 S.
3547 3074 3727 3145 Petri,
3769 3075 4030 3155 Vespera:

2472 3180 2525 3230 et
2568 3170 2806 3249 Viyilias
2833 3171 3130 3237 celebrare:
3150 3168 3512 3230 Matutinum
3532 3172 3755 3247 veroni!
3774 3160 4033 3232 Fratrem

2472 3265 2598 3343 ejus.
2619 3266 2820 3343 Iacere,
2844 3265 2982 3331 idest
3003 3265 3079 3323 ad
3111 3264 3295 3325 altare
3319 3262 3387 3323 S.
3419 3261 3601 3324 Petri.
3637 3250 4034 3329 Praeclara‘et

2472 3377 2716 3438 prorsus
2729 3366 2945 3419 tenera
2957 3357 3164 3419 -oratio
3190 3365 3301 3428 est,
3326 3375 3511 3435 quam
3539 3357 3754 3421 habuit
3774 3358 3918 3419 Pius
3942 3359 4023 3420 11.

2472 3472 2612 3516 cum
2644 3452 2707 3513 S.
2733 3452 3009 3514 Andreae
3040 3452 3233 3530 Caput
3268 3450 3383 3512 sibi
3415 3471 3491 3512 ex
3524 3452 3749 3534 Achaja
3783 3451 4030 3515 missum

2471 3546 2725 3627 excepit,
2750 3565 2907 3626 quae
2924 3553 3090 3607 extat
3116 3544 3179 3605 in
3200 3546 3330 3625 ejus
3348 3544 3808 3609 Commentariis
3826 3546 3935 3607 lib.
3962 3552 4023 3607 8.

2470 3661 2607 3723 pag.
2656 3647 2793 3702 357.
2822 3639 3117 3702 Advenisti
3162 3640 3386 3701 tandem
3421 3660 3454 3699 o
3490 3634 3940 3701 sacratissimum
3977 3649 4030 3700 et

2472 3736 2965 3795 honoratissimum
2989 3732 3059 3793 S.
3099 3731 3355 3812 Apostoli
3365 3744 3579 3812 eaput.
3631 3733 3948 3795 Turearum
3979 3742 4031 3795 'te

2475 3838 2576 3889 tua
2603 3828 2723 3889 sede
2750 3828 2913 3905 [uror
2941 3827 3186 3906 expulit.
3213 3825 3307 3885 Ad
3325 3825 3586 3887 Fratrem
3606 3838 3768 3887 tuum
3793 3827 4031 3908 Aposto—

2478 3923 2660 3982 lorum
2690 3919 3016 4000 Principem
3044 3920 3346 3998 consuqisti
3378 3922 3650 3982 exulans.
3690 3919 3825 3983 Non
3860 3924 4036 3983 decr-it

2480 4014 2798 4078 Germanus
2834 4026 2965 4075 tuus
2997 4016 3101 4075 tibi
3124 4034 3202 4077 ee.
3226 4012 3462 4094 Nepotes
3489 4017 3578 4076 tui
3601 4034 3676 4075 ex
3696 4015 3896 4078 Fratre
3919 4016 4038 4078 Ro-

2476 4112 2636 4172 mani
2657 4106 2840 4169 omnes
2882 4106 2957 4168 Te
2984 4109 3161 4169 veluti
3181 4107 3467 4167 Patr-uum
3498 4106 3838 4188 Patremque
3869 4129 4038 4171 suum

2476 4213 2838 4272 venerantur,
2862 4201 3413 4274 coluntfobsercant,
3435 4211 3487 4262 et
3522 4212 3618 4263 tuo
3642 4222 3697 4263 ee
3726 4207 3816 4263 uti
3833 4214 4034 4284 patro-

2477 4300 2627 4359 cinio
2656 4300 2720 4357 in
2744 4306 3036 4376 conspeetu
3074 4297 3270 4373 maqni
3313 4295 3422 4356 Dei
3449 4315 3564 4355 non
3595 4298 3882 4360 dubitant.
4204 4360 4220 4376 ,

2596 4395 2654 4451 9.
2680 4388 2891 4450 Plures
2908 4388 3010 4451 hic
3034 4408 3073 4450 a
3101 4388 3417 4451 Sacerdote
3433 4389 3697 4451 actiones
3717 4389 3897 4465 fiunt,
3921 4410 4032 4454 an-
4073 4365 4380 4481 xssss..

2477 4491 2721 4565 tequam
2733 4482 2990 4562 incipiat
3002 4482 3352 4544 Orationem
3368 4482 3569 4544 Libera
3590 4504 3709 4557 noe,
3725 4485 4033 4561 Patenam,
4080 4488 4378 4582 2⁰32ae

2478 4598 2636 4660 quae
2661 4578 2901 4659 jacebat
2939 4578 3053 4639 sub
3080 4576 3414 4657 Corporali,
3435 4597 3623 4649 ,manu
3655 4579 3901 4643 dextera
3926 4602 4034 4663 ap-

2480 4669 2798 4752 prehendit
2824 4670 2981 4732 inter
3022 4669 3298 4750 digitum,
3324 4669 3584 4749 indicem
3635 4679 3697 4734 et
3743 4674 4032 4750 medium,

2477 4784 2732 4845 eamque
2753 4763 3099 4827 verticalem
3134 4771 3295 4825 tenet
3324 4783 3505 4845 super
3533 4765 3762 4840 Altare3
3789 4768 3850 4828 in
3889 4770 4035 4832 Mis-

2480 4859 2563 4920 sis
2582 4877 2750 4930 vero,
2768 4877 2926 4938 quae
2948 4864 3290 4928 cantantur,
3310 4857 3726 4921 Subdiaconus
3748 4860 4037 4926 Patenam

2482 4953 2617 5014 velo
2644 4951 2978 5013 involutam
3002 4959 3163 5012 tenet
3179 4951 3260 5013 ab
3285 4950 3607 5014 Offertorio
3637 4973 3828 5034 usque
3852 4956 3929 5017 ad
3963 4955 4038 5018 fi-

2461 5067 2620 5110 nem
2646 5045 2952 5109 Orationis
2974 5044 3341 5119 Dominicae,
3364 5065 3551 5126 quam
3571 5055 3714 5109 tnnc
3734 5048 4040 5113 evolutam

2483 5140 2783 5204 Sacerdoti
2817 5138 3007 5217 tradit,
3023 5158 3202 5218 super
3228 5138 3458 5211 Altare3
3480 5159 3638 5220 quae
3662 5144 4038 5208 caeremonia

2483 5234 2547 5296 in
2580 5232 2902 5297 Parisiensi
2926 5231 3189 5293 Ecclesia
3211 5250 3332 5292 non
3359 5251 3397 5294 a
3418 5233 3820 5308 subdiacono,
3843 5237 4048 5300 sed-ah

2484 5328 2734 5409 Acolyto
2762 5325 3091 5407 peragitur;
3118 5325 3183 5386 iu
3210 5325 3575 5407 quibusdam
3598 5328 3736 5389 aliis
3762 5330 4042 5393 Ecclesiis

2485 5441 2629 5484 usus
2660 5419 2940 5494 invaluit,
2962 5427 3031 5481 ut
3058 5427 3383 5501 antequam
3414 5420 3708 5492 Patenam
3720 5442 3900 5504 super
3932 5424 4041 5486 Al-
