4487 6316
3432 517 3523 569 XV

1735 678 2480 795 PRAEFATIO

1465 942 1558 1012 ΙΝ
1616 939 2247 1013 INSTITUTION
2252 941 2311 1010 E
2364 939 2757 1012 SCHOLAE

1226 1151 2193 1261 SACRORUM
2312 1152 3003 1257 RI'I'UUM

824 1402 1117 1465 nAmTA
1169 1402 1416 1463 ROMAE
1460 1403 1595 1463 DIE
1639 1402 1810 1463 xxl.
1861 1400 2317 1462 NOVEMBRIS
2372 1405 2541 1460 ¹728.
2589 1402 2720 1461 mE
2774 1402 3046 1463 BEATAE
3091 1402 3391 1462 vmtilNl

1396 1513 1472 1571 ΙΝ
1521 1511 1838 1571 'rEMPLO
1890 1508 2437 1569 PRAESENTATAE
2481 1510 2746 1569 metm.

492 1910 729 2027 Credo
753 1984 897 2047 ego,
929 1964 1403 2029 Eminentissimi
1431 1964 1771 2046 Principes,
1803 1962 2113 2028 praesules
2145 1960 2573 2034 Illustrissimi,
2604 1962 2921 2024 Auditores
2945 1961 3326 2027 Ornatissimi
3353 2009 3369 2035 ,
3400 1963 3523 2024 duo
3563 1982 3706 2042 prae

494 2057 706 2121 ceteris
732 2078 858 2120 esse
885 2104 902 2131 ,
944 2079 1101 2139 quae
1128 2079 1409 2141 magnam
1435 2059 1610 2124 vobis
1636 2058 1927 2122 hodierna
1956 2057 2053 2120 die
2095 2054 2555 2120 admirationem
2604 2056 2905 2139 injiciant;
2955 2057 3214 2118 alterum
3255 2056 3417 2138 quod
3461 2055 3703 2136 publica

496 2171 661 2213 nunc
688 2153 952 2232 primum
981 2154 1196 2216 Schola
1222 2154 1418 2217 Sacris
1448 2154 1688 2217 Ritibus
1713 2153 2003 2218 attributa
2029 2151 2139 2225 sit,
2170 2150 2429 2212 alterum
2457 2149 2618 2231 quod
2646 2149 2789 2210 huic
2822 2150 3016 2210 eidem
3055 2148 3305 2210 Scholae
3341 2168 3437 2209 me
3472 2148 3704 2228 praese-

491 2253 656 2306 ctum
682 2265 809 2307 esse
836 2247 1239 2309 Moderatores
1266 2248 1456 2311 nostri
1489 2247 1815 2310 voluerint.
1846 2246 2022 2322 Quod
2048 2244 2126 2308 ad
2154 2264 2250 2306 me
2278 2243 2520 2316 attinet,
2559 2243 2840 2324 equidem
2879 2243 3068 2306 fateor
3104 2241 3493 2323 aequissimas
3532 2241 3707 2304 vobis

486 2358 698 2401 causas
733 2339 1151 2402 admirationis
1198 2354 1549 2422 suppetere:
1598 2350 1668 2403 ut
1713 2341 1876 2402 enim
1919 2339 2195 2401 omittam
2245 2338 2423 2418 longe
2458 2337 2827 2399 commodius
2861 2337 3042 2399 fuisse
3078 2328 3234 2399 hanc
3261 2338 3531 2399 eamdem
3564 2357 3706 2417 pro-

495 2430 755 2494 vinciam
784 2432 1017 2494 homini
1055 2436 1364 2507 Romano,
1405 2437 1589 2514 quam
1641 2433 2041 2514 Transalpino
2087 2431 2402 2504 mandari,
2448 2442 2606 2492 certe
2654 2430 2706 2491 is
2738 2450 2847 2513 ego
2885 2451 3007 2492 non
3050 2451 3184 2491 sum
3211 2476 3230 2504 ,
3278 2429 3385 2511 qui
3430 2450 3568 2491 cum
3618 2438 3706 2492 tot

488 2524 983 2603 praeclarissimis
1007 2524 1270 2587 aliarum
1298 2527 1652 2588 facultatum
1683 2526 1985 2609 Magistris
2014 2525 2111 2599 vel
2140 2534 2364 2599 aetate,
2395 2525 2489 2586 vel
2517 2524 2758 2607 ingenio
2780 2570 2797 2599 ,
2825 2524 2923 2587 vel
2962 2525 3263 2598 doctrina,
3305 2524 3400 2587 vel
3442 2524 3704 2587 auctori-.

490 2625 612 2677 tate
634 2616 750 2678 sim
794 2619 1252 2698 comparandus.
1310 2619 1470 2693 Quid
1519 2623 1705 2701 ergo?
1740 2639 1820 2682 an
1860 2639 1970 2701 ego
2009 2620 2431 2699 cupidissimus
2472 2640 2550 2681 ex
2591 2618 2874 2682 omnibus
2921 2617 3053 2681 sui?
3106 2618 3359 2681 Minime
3408 2640 3571 2681 vero.
3626 2620 3705 2681 At

492 2717 658 2772 tanto
682 2711 997 2774 officiosior
1023 2732 1208 2794 quam
1247 2714 1467 2775 ceteri?
1498 2715 1586 2775 Ne
1614 2714 1675 2775 id
1703 2714 1968 2794 quidem.
2004 2714 2132 2776 Hoc
2158 2715 2409 2778 sortasse
2433 2734 2625 2776 unum
2654 2714 2720 2775 in
2751 2734 2847 2776 me
2884 2714 3289 2776 Moderatores
3326 2721 3699 2794 spectarunt,

492 2813 562 2864 ut
587 2824 765 2884 quem
798 2806 861 2865 in
889 2807 1001 2868 hac
1028 2807 1241 2868 Schola
1269 2808 1594 2887 aperienda
1621 2854 1637 2880 ,
1670 2817 1730 2869 et
1760 2809 1823 2870 in
1860 2808 2056 2870 Sacris
2095 2809 2333 2870 Ritibus
2365 2809 2442 2870 ad
2480 2807 2692 2870 classes
2733 2828 2905 2882 suas,
2963 2817 3145 2887 atque
3195 2808 3470 2869 ordinem
3520 2807 3699 2868 redu-

489 2899 694 2960 cendis
718 2900 1163 2980 aliquantulum
1190 2901 1527 2963 elaborasse
1555 2922 1675 2963 non
1704 2902 2065 2984 ignorabant
2089 2903 2335 2976 ,eidem
2365 2920 2486 2962 non
2516 2899 2916 2983 incongruum
2942 2901 3252 2962 laboribus
3279 2900 3563 2980 susceptis
3589 2920 3701 2981 pro

487 3012 601 3055 sua
628 2991 1017 3055 beneficentia
1043 2995 1378 3074 praemium
1410 2995 1796 3078 largirentur.
1842 2996 2046 3071 Quare
2094 3004 2260 3057 tanto
2306 2994 2495 3077 magis
2539 2994 2691 3064 mihi
2731 2994 3074 3075 diligentia,
3126 2993 3355 3069 studio,
3388 3003 3448 3055 et
3493 2993 3701 3056 labore

488 3086 839 3147 enitendum
866 3097 995 3161 est,
1024 3097 1096 3149 ut
1122 3086 1185 3147 in
1214 3087 1327 3149 hac
1357 3107 1488 3149 mea
1538 3083 1769 3150 ratione
1805 3097 1987 3171 atque
2024 3108 2209 3171 opera
2253 3089 2498 3151 illorum
2547 3091 2622 3151 de
2665 3110 2761 3151 me
2810 3089 3128 3151 consilium
3180 3089 3524 3170 tactumque
3578 3108 3699 3150 non

489 3181 883 3261 improbetur.
932 3182 1139 3243 Altera
1168 3202 1309 3243 vero
1338 3203 1476 3264 pars
1502 3229 1517 3255 ,
1549 3203 1705 3263 quae
1731 3183 1909 3267 longe
1935 3184 2274 3247 mirabilior
2304 3183 2545 3245 videtur
2574 3229 2591 3257 ,
2623 3183 2879 3263 speciem
2905 3182 3106 3263 potius
3130 3183 3549 3245 admirationis
3587 3183 3699 3244 ha-

488 3275 591 3336 bet
615 3322 631 3348 ,
664 3295 848 3357 quam
875 3277 1206 3339 veritatem.
1243 3277 1305 3338 Si
1334 3277 1497 3338 enim
1530 3277 1698 3338 vobis
1742 3297 1868 3339 rem
1903 3279 2027 3339 suis
2058 3279 2152 3360 (ut
2177 3279 2375 3361 ajunt)
2415 3278 2732 3339 momentis
2779 3278 3115 3358 ponderare
3165 3276 3489 3356 placuerit,
3540 3288 3699 3339 certe

488 3370 773 3432 videbitis
798 3417 814 3444 ,
847 3370 1044 3452 primo
1074 3372 1385 3433 Sacrorum
1415 3372 1655 3432 Rittium
1692 3375 1985 3433 scientiam
2021 3373 2410 3452 dionissinmm
2444 3395 2582 3444 esse,
2629 3393 2771 3452 quae
2810 3374 3032 3453 publice
3073 3373 3369 3439 doceatur:
3414 3370 3533 3430 lum
3583 3371 3701 3448 ejus

488 3463 760 3527 Scholam
787 3486 960 3545 neque
988 3468 1133 3527 alibi
1160 3468 1569 3526 convenientius
1600 3487 1772 3545 quam
1802 3468 2041 3539 Romae,
2074 3488 2248 3547 neque
2278 3470 2427 3529 alias
2456 3469 2788 3528 commodius
2818 3487 2989 3546 quam
3032 3476 3221 3525 nostro
3263 3475 3497 3545 tempore
3535 3467 3702 3526 insti·

490 3561 580 3619 tui
602 3563 924 3640 oportuisse.
959 3561 1121 3622 Ilaec
1148 3560 1269 3622 duo
1294 3561 1502 3641 paucis
1536 3561 1682 3622 dum
1707 3581 1943 3643 expono
1973 3607 1991 3636 ,
2040 3581 2264 3643 quaeso
2286 3607 2306 3636 ,
2345 3563 2730 3642 obtestorque
2765 3579 2902 3635 VOS,
2943 3567 3013 3622 ut
3049 3558 3370 3621 benevolas
3410 3558 3559 3620 mibi
3585 3578 3698 3640 pro

486 3652 863 3715 humanitate
897 3663 1094 3715 vestra
1122 3673 1298 3716 aures
1323 3651 1676 3734 praebeatis.

506 3739 515 3750 ’
609 3750 806 3827 Atque
833 3757 902 3809 ut
925 3749 1004 3808 ab
1031 3766 1135 3821 eo,
1166 3748 1327 3828 quod
1356 3749 1553 3829 primo
1579 3749 1709 3811 loco
1735 3748 1995 3830 positum
2024 3758 2153 3826 est,
2206 3751 2517 3813 ordiamur
2544 3797 2560 3823 ,
2596 3749 2896 3811 neminem
2925 3757 3191 3810 vestrum
3221 3747 3395 3822 latet,
3427 3747 3701 3828 quinque

487 3840 865 3921 potissimum
890 3841 1100 3902 Sacras
1125 3840 1416 3902 Scientias
1441 3842 1554 3903 hoc
1594 3851 1860 3923 tempore
1892 3863 2050 3919 essm
2090 3865 2248 3926 quae
2297 3845 2631 3907 Catholicas
2679 3843 3094 3905 saluberrimis
3140 3842 3317 3923 aquis
3352 3841 3700 3905 Academias

487 3933 742 4017 irrigent
767 3956 784 4009 ;
814 3935 1132 3996 Sacrorum
1160 3936 1484 3998 Librorum
1516 3937 2075 4018 Interpretationem
2102 3987 2121 4015 ,
2151 3942 2267 4002 suh
2314 3959 2436 4021 qua
2478 3949 2539 4001 et
2585 3938 2912 4022 Theologia
2958 3938 3211 4020 Mystica
3259 3938 3338 3998 ab
3386 3936 3697 4015 aliquibus

487 4029 781 4102 traditur3
812 4030 1022 4090 Sacros
1048 4029 1348 4103 Canones,
1376 4030 1802 4093 Scholasticam
1828 4032 2249 4116 Theologiam,
2285 4034 2692 4116 Dogmaticam
2711 4078 2728 4106 ,
2756 4041 2939 4112 atque
2964 4031 3274 4098 Moralem.
3308 4031 3534 4092 Vereor
3559 4076 3576 4104 ,
3620 4051 3697 4093 ne

486 4123 652 4202 quod
680 4123 856 4184 modo
882 4122 1152 4184 dicturus
1176 4144 1342 4198 sum,
1373 4124 1435 4185 id
1463 4124 1652 4206 aliqui
1680 4127 1930 4207 perinde
1958 4147 2081 4189 non
2110 4129 2493 4210 intelligant,
2539 4133 2629 4190 ac‘
2655 4126 2876 4189 veritas
2918 4126 3178 4206 postulat
3204 4171 3221 4199 ,
3272 4125 3466 4186 dicam
3495 4133 3695 4187 tamen

488 4237 611 4278 non
640 4217 840 4279 minus
864 4238 1005 4279 vere
1032 4236 1217 4297 quam
1244 4220 1525 4280 audacter
1550 4265 1568 4293 ,
1600 4221 1763 4300 quod
1790 4221 1983 4283 sentio
2011 4243 2026 4282 ε
2073 4223 2269 4286 dicam
2297 4225 2615 4285 Sacrorum
2645 4221 2873 4300 rituum
2914 4220 3292 4302 disciplinam
3331 4218 3453 4281 illis
3499 4219 3696 4280 omni-

486 4312 602 4372 bus
631 4311 807 4393 longe
835 4311 1214 4392 multumque
1237 4313 1620 4375 antecellere.
1656 4314 1803 4377 Illae
1828 4316 1990 4376 enim
2017 4317 2451 4396 posterioribus
2485 4316 2736 4378 saeculis
2759 4323 3002 4377 exortae
3039 4323 3222 4388 sunt;
3269 4314 3431 4375 Ilaec
3471 4314 3566 4375 vcl
3615 4314 3694 4376 ab

486 4404 632 4484 ipsis
657 4405 953 4470 Ecclesiae
979 4404 1342 4467 incunabilis
1368 4405 1612 4470 initium
1638 4409 1832 4471 duxit.
1870 4410 2017 4472 Illae
2042 4410 2220 4494 longe
2248 4411 2536 4474 remotius
2585 4412 2778 4472 Deum
2826 4418 3124 4490 spectant;
3179 4409 3342 4471 Haec
3384 4408 3459 4469 ad
3499 4408 3697 4489 ipsum

484 4499 596 4560 Dei
621 4499 853 4561 cultum
878 4500 1156 4561 refertur.
1194 4499 1342 4561 Illae
1367 4501 1443 4562 ad
1473 4501 1659 4564 bonos
1686 4523 1880 4565 mores
1907 4504 2069 4565 viam
2098 4506 2515 4568 tantummodo
2540 4504 2989 4566 communiunt:
3023 4504 3185 4565 Haec
3216 4502 3435 4564 solidos
3463 4503 3700 4582 pietatis

484 4595 716 4656 fructus
740 4595 932 4656 affert.
968 4594 1117 4656 Illae
1144 4594 1406 4674 denique
1432 4595 1497 4656 in
1525 4595 1652 4659 sola
1679 4617 1882 4658 rerum
1911 4598 2273 4661 Divinarum
2299 4598 2637 4680 cognitione
2666 4598 3020 4678 plerumque
3046 4594 3505 4676 conquiescunt;
3539 4595 3700 4658 Haec

484 4687 570 4749 ita
594 4708 732 4748 cum
762 4688 964 4749 Rebus
990 4687 1228 4749 Divinis
1255 4687 1547 4769 implicita
1572 4698 1689 4763 est,
1722 4698 1783 4751 et
1806 4691 2114 4764 cohaeret,
2145 4701 2214 4754 ut
2241 4693 2321 4753 ab
2345 4691 2558 4752 iisdem
2581 4690 2812 4772 sejungi
2838 4710 2961 4750 non
2983 4689 3188 4770 possit.

601 4781 765 4856 Quid
785 4782 837 4843 si
862 4782 1127 4844 maxima
1147 4782 1291 4844 huic
1312 4783 1583 4845 facultati
1607 4784 1867 4865 dignitas
1887 4787 2115 4848 accedit
2143 4807 2218 4848 ex
2241 4806 2313 4847 eo
2331 4832 2347 4860 ‚
2376 4786 2539 4867 quod
2562 4785 2793 4849 Primus
2833 4785 2990 4843 illius
3026 4783 3241 4844 Auctor
3266 4831 3284 4854 ‚
3323 4796 3373 4844 et
3412 4783 3696 4863 Mayae'ster

482 4878 658 4956 suerit
678 4877 830 4936 Deus
857 4880 1012 4957 ipse?
1032 4881 1230 4956 Atque
1253 4877 1399 4939 haec
1427 4898 1548 4939 non
1574 4899 1705 4940 mea
1726 4881 1913 4942 verba
1937 4890 2107 4953 sunt,
2150 4881 2254 4941 sed
2290 4879 2455 4941 illius
2479 4925 2496 4951 ,
2534 4898 2716 4957 quem
2760 4877 2998 4939 visibile
3032 4877 3148 4948 Dci-
3177 4878 3240 4937 in
3277 4877 3450 4956 terris
3483 4897 3695 4938 oracu-

478 4968 609 5029 lum
630 4978 689 5030 et
714 4969 1011 5033 credimus
1036 5015 1052 5043 ,
1088 4980 1149 5031 et
1179 4991 1556 5036 veneramur.
1596 4973 1799 5046 Quare
1821 4975 1924 5048 Te,
1964 4975 2136 5041 Deus
2156 4973 2396 5056 Optime
2426 4972 2690 5034 Maecime
2718 5017 2733 5043 ,
2770 4970 3104 5050 proximius
3130 5016 3146 5044 ,
3189 4979 3250 5031 et
3283 4970 3686 5032 immediatius

479 5065 800 5135 Sacrorum
832 5064 1084 5127 Bituum
1107 5065 1358 5127 facultas
1385 5067 1656 5146 respicit3
1690 5068 1881 5129 Porro
1924 5067 2039 5129 Tui
2084 5068 2487 5150 cognitionem
2533 5066 2726 5147 (quae
2764 5065 2900 5127 aliis
2934 5064 3320 5126 facultatibus
3350 5063 3690 5144 propositus

481 5158 623 5222 finis
646 5160 772 5242 est)
817 5161 896 5222 ad
941 5169 1175 5240 tempus
1211 5160 1365 5232 illud
1398 5181 1665 5226 reservas
1691 5209 1707 5235 ,
1746 5162 1810 5222 in
1843 5182 1966 5242 quo
2006 5165 2144 5225 visio
2171 5173 2289 5223 tota
2314 5182 2510 5222 merces
2540 5159 2687 5232 erit,
2714 5180 2872 5220 nunc
2898 5169 3168 5236 tanquam
3188 5179 3290 5239 per
3315 5161 3596 5238 speculum
3624 5160 3690 5218 in

481 5257 791 5333 aeniqmate
820 5254 1170 5322 hominibus
1202 5256 1286 5316 'se
1309 5243 1783 5337 cognoscendum
1810 5257 2079 5337 praebes.
2111 5258 2523 5325 Actustamen
2571 5254 2707 5315 illos
2741 5252 3069 5335 Religionis
3091 5300 3107 5326 ,
3154 5252 3376 5332 quibus
3418 5251 3690 5314 debitum

479 5348 615 5409 'ribi
638 5369 685 5412 a
700 5349 887 5416 nobis.
905 5348 1135 5418 cultum
1160 5349 1383 5431 exigis,
1415 5352 1507 5412 Tu
1541 5351 1667 5431 ipse
1691 5351 1885 5423 clare,
1913 5351 2174 5412 dilucide
2196 5395 2213 5424 ,
2250 5372 2319 5413 ac
2353 5349 2627 5411 distincte
2652 5348 2981 5419 tradidisti3
3007 5357 3323 5427 postquam
3349 5357 3551 5410 autem
3583 5349 3692 5409 ad-

478 5442 643 5506 venit
679 5445 972 5524 plenitudo
1020 5446 1307 5526 temporis,
1341 5444 1612 5526 aliosque
1655 5447 1807 5509 ritus
1837 5445 2152 5528 subrogari
2185 5445 2494 5525 oportuit,
2538 5463 2636 5506 eos
2667 5442 2855 5503 Filius
2896 5442 3062 5502 Tuus
3109 5441 3482 5522 unigenituS,
3535 5443 3665 5504 Tua
