4487 6316
1659 460 1885 512 mentm
1925 457 2350 514 Nowtmtmu
2373 463 2381 468 “

584 607 721 664 Crux
750 607 804 658 iu
836 607 988 658 suar:
1033 609 1287 657 collocata
1314 605 1568 658 Crucifixi
1597 606 1888 674 Imaginem
1932 623 2014 657 ex·

480 693 671 769 hibere*
691 699 875 758 «lebet,
903 706 954 747 et
981 697 1110 745 olim
1142 696 1429 747 Christiani
1458 695 1750 745 Gentilium
1783 697 2016 746 furorem

480 784 913 844 reformidantes,
954 784 1152 851 Agnum
1207 785 1388 834 saltem
1429 783 1586 835 Cruci
1626 782 1887 844 incisum,
1941 782 2021 833 vel

480 873 750 940 depictum
783 874 1153 941 apponebant,
1195 869 1314 922 ead.
1350 868 1591 939 Append.
1635 872 1685 922 1.
1711 870 1757 943 5
1790 870 2023 937 Scripto-

480 977 578 1009 res.
608 962 778 1012 Cruce
806 978 942 1028 opus
967 958 1089 1010 'non
1118 968 1199 1012 est
1220 998 1233 1020 ,
1275 960 1317 1010 si
1362 960 1415 1009 in
1457 959 1677 1025 maioris
1702 958 1893 1009 Altaria
1922 959 2021 1009 Ta-

480 1046 600 1097 bula
627 1049 879 1099 Crucifix·
908 1049 1088 1116 Imago
1128 1047 1309 1113 primo
1350 1047 1471 1097 loco
1499 1045 1706 1113 depicta
1733 1047 1816 1096 sit.
1859 1044 1906 1117 ᾗ.
1938 1045 2024 1095 Se·

480 1135 660 1186 cundo
688 1137 827 1187 loco.
857 1135 1185 1188 collocanda
1215 1144 1387 1185 tamen
1415 1142 1495 1187 est
1523 1134 1576 1183 in
1605 1131 1799 1193 Altari,
1831 1133 1883 1181 in
1913 1147 2021 1200 qno

480 1223 905 1275 'sabernaculum
926 1239 1053 1274 cum
1078 1225 1416 1275 Sacramenta
1432 1260 1447 1286 ,
1474 1231 1526 1274 ct
1555 1239 1707 1287 parva
1727 1222 1895 1274 Cruce
1918 1237 2026 1272 ser-

481 1319 645 1361 vatur.
675 1314 728 1364 Si
756 1330 884 1364 vero
912 1314 1304 1363 Sacramentum
1331 1326 1493 1378 super
1516 1309 1674 1361 Altari
1717 1308 2018 1376 expositum

482 1400 535 1448 tit
555 1436 568 1460 ,
602 1401 655 1448 in
686 1415 794 1466 quo
822 1400 984 1450 Missa
1010 1397 1324 1450 celebranda
1351 1406 1459 1459 est,
1486 1396 1661 1464 qinoael
1683 1397 1907 1446 Crucem
1934 1400 2025 1463 'ap-

483 1487 784 1551 ponendam
816 1485 1067 1539 servanda
1094 1496 1171 1536 est
1200 1487 1439 1537 locorum
1469 1484 1821 1535 consuetudo.
1848 1481 1895 1555 fi.
1939 1485 2025 1536 se-

480 1573 657 1625 cundo
686 1575 807 1625 loco
837 1584 891 1625 et
909 1590 1053 1641 seqq.

588 1663 757 1723 Crux,
786 1664 867 1713 vel
894 1660 1143 1713 Cruciflxi
1173 1661 1354 1726 Imago
1395 1660 1451 1709 in
1482 1675 1615 1726 pane
1656 1655 2023 1724 consecrando

479 1749 721 1818 imprimi
748 1769 773 1799 a
804 1750 994 1817 primis
1034 1747 1368 1816 temporibus
1398 1734 1704 1809 consuevit,
1744 1746 1911 1795 immo
1941 1762 2023 1797 ve-

480 1848 614 1891 teres
645 1838 933 1891 Christiani
962 1837 1149 1890 Crucis
1178 1836 1386 1905 signum
1418 1836 1469 1884 in
1500 1832 1726 1901 panibus
1750 1832 2022 1884 usualibus

477 1923 887 1996 imprimebant,
931 1925 966 1974 l.
998 1925 1044 1973 1.
1076 1941 1122 1974 e.
1153 1923 1203 1973 6.
1233 1938 1286 1974 n.
1317 1923 1366 1973 δ.
1395 1920 1437 1971 Α
1461 1920 1648 1973 Crucis
1690 1918 1843 1986 signo
1871 1918 2025 1970 Chri·

479 2013 636 2063 stiani
668 2011 900 2064 actiones
928 2028 1046 2062 suas
1074 2027 1135 2062 ex
1154 2008 1460 2076 Apostolica
1491 2006 1776 2058 traditione
1806 2006 2024 2057 ordiun-

479 2108 594 2164 tur,
624 2118 733 2167 quo
760 2098 921 2150 etiam
950 2098 1115 2148 Missa
1144 2096 1449 2158 inchoatur,
1483 2096 1519 2146 l.
1548 2095 1582 2145 2
1630 2087 1675 2144 ο.
1705 2095 1755 2144 3.
1787 2111 1838 2145 n.
1865 2098 1912 2145 1.

589 2185 845 2239 Sacerdos
868 2186 1276 2254 Evangeliorum
1319 2182 1513 2235 librum
1558 2184 1712 2249 signo
1752 2182 1925 2233 crucis
1954 2183 2021 2233 si·

477 2286 631 2344 gtiat,
661 2274 902 2326 ind-cans
930 2273 1069 2324 hunc
1108 2290 1221 2324 esse
1246 2271 1497 2326 Cruciflxi
1541 2269 1756 2321 librum:
1799 2270 1925 2322 inde
1965 2287 2022 2321 se

475 2366 651 2432 ipsum
681 2364 736 2412 in
767 2365 969 2425 fronte,
998 2379 1119 2424 ore,
1159 2369 1211 2413 et
1240 2369 1453 2427 pectore
1492 2359 1692 2435 signat,
1733 2357 2020 2409 ostendens

477 2470 533 2504 se
558 2453 781 2504 Crucem
815 2468 921 2500 uon
951 2450 1290 2510 erubescere,
1333 2450 1363 2498 1.
1394 2446 1447 2498 2.
1477 2465 1523 2498 c.
1561 2448 1611 2497 7.
1643 2463 1695 2495 n.
1729 2447 1809 2496 11.
1841 2456 1893 2496 et
1933 2446 2017 2496 12.

479 2544 564 2593 Fit
593 2542 801 2608 signnm
823 2538 1030 2601 Crucis,
1053 2537 1181 2587 dum
1206 2530 1452 2588 recitatur
1474 2534 1776 2602 symbolum
1795 2535 1857 2585 V.
1874 2534 2024 2601 Sym·

475 2630 657 2680 bolum

580 2717 705 2768 Post
748 2714 1045 2766 orationem
1077 2711 1296 2778 suscipe
1324 2712 1521 2762 Sancte
1551 2711 1726 2763 Pater
1760 2720 1860 2760 etc.
1891 2709 2020 2762 Cru-

479 2805 557 2856 cis
597 2803 806 2869 siguum
849 2802 1091 2863 denotat,
1133 2783 1360 2850 hostiam
1402 2817 1562 2866 super
1587 2798 1809 2850 Crucem
1852 2797 2018 2864 poni,

478 2896 513 2945 1.
538 2893 595 2944 2.
623 2910 666 2943 ε.
700 2893 781 2941 10.
823 2908 871 2940 n.
914 2890 968 2940 2.
996 2888 1144 2942 Idem
1187 2888 1397 2955 siguum
1440 2886 1497 2936 fit
1530 2879 1695 2953 'super
1731 2886 2018 2952 ampullam

475 2998 637 3050 aquae
665 2980 718 3029 in
740 2979 972 3031 Calicem
1003 2974 1387 3036 infundendae,
1410 2973 1500 3025 sed
1525 2972 1796 3024 omittitur
1820 2972 1874 3022 in
1896 2973 2020 3023 Mis·

473 3068 546 3119 sis
573 3067 985 3127 Defunctorum,
1014 3072 1065 3115 et
1090 3070 1283 3132 quare,
1311 3078 1367 3115 n.
1395 3061 1444 3111 3.
1518 3099 1522 3104 .

581 3154 711 3209 Tria
738 3153 926 3206 Crucis
956 3150 1132 3220 signa,
1161 3168 1296 3219 quae
1323 3165 1483 3217 super
1508 3146 1736 3198 hostiam
1757 3184 1772 3209 ,
1803 3156 1853 3200 e't
1880 3146 2017 3203 Cali-

471 3242 585 3297 cem
641 3242 694 3293 in
739 3245 909 3309 prima
947 3238 1184 3292 Canonis
1224 3236 1467 3287 oratione
1506 3236 1665 3297 tiunt,
1707 3251 1857 3286 verae
1896 3242 2019 3285 sunt

468 3330 900 3390 benedictiones,
930 3344 1062 3395 quae
1091 3326 1223 3376 liunt
1250 3325 1304 3373 in
1330 3318 1548 3374 modum
1571 3321 1784 3385 Crucis,
1821 3330 1875 3372 ut
1894 3322 2015 3373 Pas·

471 3421 553 3470 sio
579 3416 954 3483 Redemptoris
994 3429 1206 3478 semper
1234 3410 1384 3462 sitin
1425 3408 1684 3460 cordibus
1720 3400 1941 3478 nosti-is,
1984 3409 2018 3459 1.

471 3505 523 3556 2.
555 3508 599 3556 ε’.
630 3505 717 3555 13.
746 3502 913 3553 ηπ28.
943 3503 1075 3552 Haec
1104 3499 1203 3551 tria
1236 3499 1384 3563 signa
1413 3496 1678 3559 indicant,
1707 3494 1807 3545 boc
1831 3504 2018 3562 myste-

474 3591 616 3643 rium
646 3609 676 3639 a
699 3590 964 3641 Trinitate
994 3585 1210 3654 perlici,
1238 3585 1317 3635 vel
1344 3584 1499 3636 etiam
1533 3591 1634 3633 tres
1664 3581 1978 3633 traditiones
1999 3618 2014 3646 ,

472 3677 732 3749 primam,
772 3693 873 3742 qua
917 3675 1070 3755 Pater
1106 3670 1334 3735 Filium,
1376 3669 1689 3729 secundam,
1727 3686 1829 3737 qua
1865 3669 2018 3722 Chri—

469 3775 581 3820 stus
608 3782 663 3817 se
691 3764 866 3832 ipsum
885 3796 911 3825 ,·
942 3761 1144 3813 tertiam
1162 3796 1176 3822 ,
1205 3771 1306 3827 qua
1332 3758 1490 3810 sudas
1518 3760 1829 3827 Magistrum
1859 3759 2016 3809 tradi·

464 3848 571 3918 dit,
601 3852 673 3909 ib.

577 3941 636 3992 In
666 3936 814 3990 tertia
834 3933 1072 3988 Canonis
1091 3933 1353 3993 oratione,
1374 3946 1536 3998 quam
1557 3930 1888 3983 oblationem
1910 3942 2008 3984 ete.

470 4028 711 4099 quinque
749 4026 880 4075 fiunt
905 4020 1092 4075 Crucis
1130 4021 1296 4093 sigua:
1339 4019 1444 4070 tria·
1474 4036 1635 4086 super
1654 4019 1882 4072 Calicem
1908 4057 1922 4078 ‚
1961 4029 2013 4072 et

468 4115 699 4166 hostiam
723 4111 901 4162 simulx
932 4116 1178 4177 quartum
1207 4123 1368 4173 snper
1393 4106 1620 4157 hostiam
1650 4107 1834 4156 solam:
1855 4108 2011 4174 quin·

467 4211 581 4255 tum
622 4216 782 4268 super
818 4199 993 4249 solum
1021 4195 1287 4257 Calicem,
1329 4195 1364 4244 1.
1401 4194 1453 4244 2.
1494 4209 1539 4244 e.
1570 4195 1651 4244 15.
1693 4211 1746 4243 n.
1783 4194 1835 4243 2.
1876 4196 2009 4247 Haec

466 4288 769 4361 significant
794 4285 1065 4337 Christum
1117 4282 1171 4332 in
1224 4281 1463 4350 quinque
1508 4279 1750 4332 sensibus
1794 4297 2006 4347 passum

463 4395 579 4432 esse
603 4396 616 4438 ς
646 4377 727 4427 vet
757 4373 856 4425 tria
887 4370 1056 4439 prima
1082 4368 1247 4423 Judae
1276 4368 1675 4436 proditionem,
1705 4369 1908 4436 reliqua
1926 4372 2009 4421 vel
2044 4429 2049 4435 ,

466 4464 636 4515 diias'
623 4481 675 4512 in
704 4460 922 4513 Christo
950 4466 1159 4509 naturas
1201 4456 1533 4525 significant,
1561 4457 1641 4508 vel
1685 4456 1923 4522 ejusdem
1950 4456 2006 4508 in

460 4554 666 4641 anima,
692 4558 741 4601 et
769 4563 996 4614 corpore
1025 4545 1359 4613 passionem,
1390 4544 1460 4594 ib.

568 4639 628 4692 In
658 4645 839 4707 quarta
865 4634 1102 4715 Cimonis
1131 4632 1373 4684 oratione
1398 4631 1652 4683 brachia
1641 4647 1693 4682 tn
1721 4632 1917 4688 Crucis
1938 4631 1995 4682 fi-

462 4744 642 4799 guram
670 4723 887 4794 quidam
929 4720 1060 4771 olim
1090 4718 1397 4781 elevabant,
1438 4727 1488 4770 et
1527 4736 1669 4771 nunc
1708 4720 1913 4771 elevant
1948 4720 2003 4771 in

462 4813 773 4867 memoriam
800 4808 1071 4879 Passionis
1091 4809 1315 4872 Christi,
1345 4807 1435 4860 sed
1467 4807 1529 4858 ad
1553 4808 1685 4858 hanc
1705 4808 2006 4875 significan·

462 4901 581 4952 dam
611 4902 665 4950 in
700 4898 933 4950 Ecclesia
971 4890 1203 4947 Roma‘ha
1240 4895 1496 4947 Sacerdos
1538 4911 1722 4945 manus
1761 4884 1878 4947 ante
1915 4894 2037 4964 ρο..

461 4995 572 5040 ctus
600 4993 834 5055 extensas
855 4991 1015 5047 tenet,
1045 4984 1077 5033 1.
1106 4982 1158 5032 2.
1183 5000 1227 5033 c.
1264 4984 1347 5033 10.
1378 5001 1432 5034 n.
1464 4983 1516 5034 t.
1546 4983 1795 5050 Quinque
1815 4981 2002 5035 Crucis

462 5075 610 5141 signa
637 5074 690 5120 in
720 5071 892 5138 prima
930 5071 1086 5138 hujus
1117 5071 1379 5123 orationis
1408 5077 1552 5139 parte
1580 5070 1731 5120 liunt
1738 5068 1804 5125 ad
1845 5069 2000 5122 verba
2094 5078 2095 5081 ’

461 5156 717 5214 Hostiam
758 5173 956 5226 puram
996 5169 1097 5210 etc.
1149 5156 1278 5210 thiat
1327 5166 1377 5211 et
1421 5155 1720 5227 significant
1762 5156 2033 5255 quinque¹

464 5245 660 5300 Christi
692 5245 882 5313 plagas.
913 5259 964 5293 n.
992 5245 1043 5296 0.

3368 469 3467 522 ⁴2¹

2223 609 2410 659 Crucis
2450 610 2594 673 sigua
2619 648 2630 670 ‚
2676 628 2806 679 qnae
2849 617 2969 675 post
3008 615 3458 666 consecrationem
3502 638 3658 686 super

2122 695 2373 758 hostiam,
2403 706 2453 747 rt
2476 697 2704 750 Calicem
2736 698 3017 765 ducuntur,
3048 719 3155 751 uon
3186 712 3308 753 suut
3331 703 3657 758 benedictiu-

2124 800 2235 845 nes,
2267 783 2359 835 sed
2389 787 2927 837 commemorationes
2957 789 3186 854 virtutis,
3219 799 3267 840 et
3294 791 3554 848 esticaciae
3575 797 3659 846 Sa-

2123 874 2404 933 cramenti,
2439 873 2473 922 1.
2500 872 2551 923 2.
2582 889 2626 924 c.
2664 874 2729 924 16
2775 890 2823 922 n.
2855 875 2904 926 ὅ.
2936 874 3011 924 ad
3033 877 3079 925 Β.
3112 879 3173 927 V.
3204 878 3538 931 Benedictio.

2232 959 2461 1011 Ecclesia
2489 959 2669 1027 juber,
2697 978 2893 1028 corpus
2912 1000 2930 1026 ,
2962 973 3013 1013 et
3039 965 3348 1030 sanguinem
3378 968 3574 1019 Christi
3608 972 3660 1021 in

2124 1045 2286 1096 Missa
2315 1056 2435 1114 post
2456 1049 2906 1106 consecrationem
2936 1066 3053 1099 cum
3085 1051 3238 1118 signo
3258 1052 3442 1102 Crucis
3467 1057 3664 1120 prosc-r.

2122 1132 2199 1194 ri,
2230 1141 2288 1183 ut
2315 1134 2624 1186 Sacerdotes
2651 1137 2778 1188 Jesu
2818 1135 2870 1184 iu
2899 1134 3068 1188 Cruce
3095 1138 3424 1190 immolatum
3470 1147 3665 1212 recogi-

2126 1228 2254 1281 tent,
2284 1219 2417 1270 ibid.
2443 1221 2506 1271 Et
2532 1229 2585 1271 ut
2612 1221 2876 1272 indicetur
2903 1222 3128 1273 hostiam
3160 1241 3319 1291 super
3335 1226 3490 1278 Altari
3508 1231 3661 1281 ‘ide-m

2122 1324 2238 1359 esse
2265 1323 2459 1375 corpus
2483 1345 2497 1368 ‚
2530 1308 2678 1377 quod
2703 1309 2858 1361 Cruci
2890 1312 2986 1362 fnit
3014 1312 3247 1373 affixum,
3276 1322 3326 1364 et
3353 1314 3406 1364 in
3434 1317 3661 1370 Calicem

2125 1396 2352 1447 eundem
2393 1413 2508 1448 esse
2533 1397 2870 1465 sanguinem,
2910 1402 2999 1466 qui
3041 1400 3096 1449 iu
3128 1401 3295 1453 Crure
3321 1404 3517 1456 effusus
3558 1417 3662 1474 est,

2087 1501 2093 1510 ³
2125 1481 2195 1534 ib.
2232 1485 2360 1536 Tria
2384 1484 2572 1536 Crucis
2602 1486 2778 1551 signa,
2818 1505 2952 1552 quae
2979 1488 3040 1536 acl
3074 1490 3229 1539 tinem
3263 1490 3417 1558 hujus
3455 1504 3666 1561 quartae

2125 1572 2386 1622 orationis
2414 1572 2563 1632 fiunt,
2594 1574 2894 1639 significant
2920 1578 3282 1628 extensionem
3313 1584 3575 1646 corporis,
3596 1583 3667 1635 ef·

2124 1659 2388 1710 fusionem
2430 1660 2733 1728 sanguinis,
2772 1670 2824 1711 et
2864 1661 3090 1713 fructum
3124 1664 3392 1717 Passionis
3428 1666 3663 1734 Christi,

2124 1748 2203 1797 vel
2225 1745 2464 1813 ejusdem
2501 1749 2741 1811 vine-uta,
2770 1758 2816 1799 et
2847 1746 3069 1815 nagelta,
3103 1752 3180 1801 vel
3209 1752 3364 1802 etiam
3394 1755 3664 1819 sudorem,

2124 1841 2292 1903 guttas
2319 1834 2626 1900 sanguinis,
2654 1845 2705 1887 et
2730 1837 3007 1900 satellites,
3038 1854 3086 1887 n.
3116 1840 3167 1888 7.

2236 1921 2367 1972 Tria
2409 1922 2594 1973 Crucis
2622 1923 2808 1991 signa,
2835 1942 2969 1993 quae
2995 1925 3056 1973 ad
3088 1925 3175 1975 illa
3215 1936 3383 1979 sextae
3409 1932 3667 1982 orationis

2120 2008 2355 2060 Canonis
2384 2011 2537 2062 verba
2559 2011 2708 2074 fiunt,
2724 2009 3062 2079 sanctificae,
3082 2011 3353 2078 vivificas,
3378 2015 3665 2084 benedicis,

2126 2105 2230 2148 tres
2255 2096 2453 2148 Christi
2498 2100 2550 2148 in
2580 2100 2750 2150 Cruee
2779 2103 3048 2152 orationes
3076 2102 3391 2169 significant.
3433 2103 3540 2156 Atia
3571 2110 3667 2157 tria

2124 2185 2272 2252 signa
2300 2186 2362 2235 acl
2393 2186 2549 2237 verba
2581 2202 2687 2253 per
2710 2186 2882 2254 ipsum
2913 2200 3012 2240 etc.
3044 2189 3301 2240 denotant
3340 2201 3442 2244 tres
3473 2194 3627 2245 horas
3648 2235 3664 2259 ,

2123 2272 2321 2340 quibus
2355 2275 2504 2326 Jcsus
2545 2275 2600 2324 in
2636 2274 2805 2326 Cruce
2853 2276 3142 2343 pependit:
3182 2277 3293 2327 Atia
3331 2278 3440 2329 duo
3479 2284 3625 2349 signa
3649 2323 3664 2346 ,

2122 2378 2257 2428 quae
2277 2371 2420 2412 extra
2447 2362 2682 2413 Calicem
2713 2363 2844 2413 fiunt
2867 2401 2881 2425 ,
2922 2365 3127 2417 animae
3155 2384 3182 2415 a
3209 2384 3439 2434 corpore
3466 2385 3669 2436 separa·

2123 2451 2327 2501 tionem
2358 2452 2613 2506 innuunt:
2651 2451 2729 2501 vel
2756 2451 2883 2500 alias
2921 2450 3116 2504 habere
3155 2463 3381 2520 possunt
3411 2456 3669 2524 signitica-

2126 2537 2298 2587 tiones
2322 2574 2335 2597 ,
2368 2538 2402 2586 Ι.
2430 2537 2480 2585 2.
2512 2538 2671 2587 esis.
2700 2553 2753 2588 n.
2787 2539 2870 2588 15.
2925 2579 2926 2582 ,

2229 2623 2417 2676 Crucis
2444 2625 2676 2691 siguum,
2703 2625 2847 2692 qnod
2880 2625 3136 2677 Sacerdos
3158 2625 3211 2676 in
3244 2629 3487 2681 oratione
3519 2630 3669 2682 Libe-

2122 2726 2185 2762 ro
2213 2728 2312 2762 nos
2338 2722 2433 2761 etc.
2466 2712 2565 2761 sibi
2608 2729 2726 2762 cum
2752 2713 2944 2765 Patena
2982 2733 3007 2762 a
3037 2715 3210 2766 fronte
3250 2715 3311 2766 ad
3354 2725 3534 2784 pectus
3575 2719 3666 2769 du·

2121 2798 2213 2858 cit,
2240 2798 2498 2865 significat
2531 2814 2625 2865 per
2648 2799 2893 2863 Crucem,
2922 2808 2969 2850 et
3001 2817 3095 2867 per
3116 2802 3217 2852 hoc
3245 2803 3556 2855 sacrificium
3581 2823 3665 2874 pa·

2119 2890 2228 2934 cata
2256 2900 2369 2935 esse
2396 2884 2576 2932 omnin
2603 2884 2657 2933 io
2686 2884 2877 2949 Caelo,
2905 2895 2953 2937 et
2985 2888 3037 2935 in
3070 2889 3278 2940 Terris:
3311 2891 3388 2941 vel
3420 2908 3513 2958 per
3536 2892 3666 2943 Cru-

2119 2986 2231 3021 cem
2263 2972 2442 3021 omnia
2471 2989 2496 3020 a
2520 2970 2735 3024 Christo
2765 2972 2980 3038 disjecta
3011 2973 3192 3038 fuisse,
3222 2977 3417 3043 quibus
3448 2996 3544 3047 pax
3572 2997 3665 3029 no·

2120 3067 2222 3110 stra
2253 3057 2612 3125 perturbatur,
2643 3059 2678 3109 1.
2703 3058 2754 3107 2.
2786 3075 2831 3109 c.
2863 3061 2944 3110 1⁹.
2975 3078 3025 3110 n.
3061 3063 3145 3116 10.
3173 3075 3225 3114 et
3255 3065 3336 3113 11.

2229 3148 2324 3199 Illa
2353 3147 2449 3198 tria
2473 3147 2660 3200 Crucis
2699 3148 2876 3213 signa,
2913 3166 3049 3216 quae
3087 3167 3246 3217 super
3272 3152 3502 3204 Calicem
3543 3165 3664 3221 post

2119 3235 2325 3286 hostiae
2355 3237 2662 3286 fractionem
2693 3234 2958 3287 ducuntur
2987 3238 3052 3286 ad
3079 3238 3169 3288 illa
3198 3239 3371 3301 verba,
3404 3242 3534 3294 Pax
3559 3245 3663 3294 Do-

2116 3321 2261 3374 mini
2287 3334 2386 3373 etc.
2425 3324 2724 3388 significant
2758 3324 3026 3376 Christum
3064 3327 3240 3377 Jesum
3284 3329 3431 3378 tertia
3474 3331 3561 3381 d-ie
3599 3333 3660 3381 aul

2119 3410 2280 3460 vitam
2313 3409 2552 3472 rediisse,
2579 3410 2670 3462 sed
2692 3410 2817 3460 alias
2837 3412 2992 3462 etiam
3014 3413 3428 3481 significationes
3451 3416 3660 3483 habeut,

2117 3498 2152 3549 l.
2180 3497 2232 3548 2.
2263 3514 2308 3549 c.
2335 3498 2422 3548 2⁰.
2451 3514 2503 3548 n.
2534 3498 2619 3550 18.

2226 3584 2413 3637 Crucis
2445 3601 2660 3653 qnoque
2699 3585 2906 3652 signum
2956 3570 3211 3651 particula
3260 3578 3663 3642 consecrata‘tit

2116 3686 2276 3739 super
2299 3670 2549 3738 pyxidem
2581 3709 2594 3733 ,
2635 3670 2758 3721 dum
2789 3672 3114 3727 Eucharistia
3140 3675 3349 3740 Populo
3388 3676 3660 3728 distribui-

2114 3768 2216 3821 tur,
2243 3761 2279 3810 l.
2304 3760 2357 3810 ².
2384 3776 2430 3809 c.
2458 3759 2544 3810 22.
2573 3777 2627 3810 n.
2659 3761 2703 3809 1.
2733 3760 2792 3809 Et
2816 3759 3001 3811 Crucis
3030 3761 3182 3829 signo
3208 3763 3446 3830 Populus
3475 3766 3527 3814 in
3559 3769 3661 3820 tine

2122 3847 2314 3898 Missae
2338 3845 2690 3909 benedicitur,
2714 3863 2833 3917 οαρ.
2860 3846 2949 3898 24.
2977 3864 3127 3902 num.
3153 3851 3204 3900 0.
3227 3852 3290 3901 V.
3320 3853 3657 3911 Benedictio,

2781 3971 2965 4024 Cultus
2979 4011 2987 4020 .

2217 4100 2518 4160 Catholicae
2545 4108 2695 4160 Fidei
2724 4110 2925 4178 dogma*
2954 4119 3033 4162 est
3059 4119 3276 4163 externo
3307 4113 3485 4165 latriae
3511 4119 3652 4167 cultu

2106 4194 2373 4248 Christum
2406 4198 2459 4246 in
2482 4197 2836 4249 Eucharistiae
2863 4199 3199 4250 sacramento
3220 4201 3547 4253 adoraudum
3578 4223 3650 4257 es·

2109 4296 2193 4344 se,
2224 4283 2258 4332 Ι.
2287 4281 2339 4331 2.
2370 4298 2418 4332 c.
2449 4284 2532 4334 18.
2562 4299 2612 4332 n.
2640 4282 2730 4334 20.

2217 4368 2380 4420 Missa
2406 4369 2564 4420 etiam
2591 4370 2764 4420 votiva
2787 4370 2985 4420 cultum
3016 4370 3289 4438 publicum
3316 4410 3329 4436 ,
3357 4376 3449 4442 qui
3479 4377 3651 4430 Eccle-

2107 4454 2214 4506 siae
2241 4455 2460 4506 nomine
2488 4455 2562 4517 fut,
2593 4456 2891 4522 praesefert,
2914 4455 3112 4524 idoque
3133 4458 3255 4509 haec
3276 4462 3435 4511 Missa
3456 4462 3507 4510 iu
3533 4465 3650 4515 Bea-

2111 4549 2285 4593 torum
2316 4540 2579 4594 honorem
2608 4542 2860 4594 celebrari
2890 4541 3093 4611 nequit,
3125 4543 3226 4594 nisi
3256 4562 3317 4597 ex
3348 4546 3568 4615 privileg
3577 4552 3646 4600 io.

2108 4629 2251 4696 App.
2281 4630 2365 4679 11.
2388 4641 2511 4696 post
2532 4630 2614 4681 eit.
2640 4630 2692 4680 2.
2720 4646 2774 4679 n.
2800 4630 2850 4679 2.
2874 4631 3057 4682 Cultus
3084 4648 3210 4684 vero
3231 4635 3462 4737 privatus
3490 4638 3646 4689 etiam

2104 4717 2292 4769 Beatis
2302 4716 2539 4771 exhiberi
2571 4728 2764 4786 potest,
2793 4736 2844 4768 n.
2873 4719 2926 4770 4.
3411 4740 3430 4751 =-

2841 4852 2896 4919 ρ

2697 4996 3017 5049 Dalmatica
3042 5036 3054 5048 .

2102 5099 2455 5221 Dalmatica,
2487 5179 2513 5208 a
2540 5155 2815 5217 Ualmatia,
2846 5156 2935 5207 ubi
2969 5158 3176 5210 inventa
3203 5168 3275 5211 est
3293 5198 3306 5223 ,
3330 5176 3522 5214 nomeu
3547 5174 3641 5216 tra·

2026 5252 2031 5305 ,’
2103 5250 2195 5309 xit3
2217 5263 2437 5315 eamque
2461 5246 2621 5314 Reges
2648 5245 2802 5301 ctiam
2831 5244 3198 5312 adhibuerunt,
3231 5249 3262 5298 Ι.
3295 5250 3341 5298 1.
3365 5265 3410 5300 c.
3436 5251 3485 5301 7.
3509 5270 3557 5301 n.
3589 5254 3638 5303 o.
