4487 6316
1011 539 1114 589 431

1354 689 1511 738 Haec
1537 687 1707 754 igitur
1730 703 1826 743 ete.

943 865 1178 918 Secunda
1205 874 1281 917 est
1307 866 1541 919 Canouis
1578 867 1781 929 Oratio,
1810 878 1859 920 et
1886 878 2112 938 quatuor
2138 872 2375 924 continet

838 956 1150 1022 petitiones,
1178 956 1214 1006 1.
1241 954 1295 1005 2.
1322 970 1368 1005 e.
1399 955 1481 1005 ss.
1511 957 1590 1007 tot
1613 958 1677 1008 V.
1710 956 1926 1010 Oratio.

1360 1081 1413 1132 S.
1448 1081 1819 1150 Hieronymus
1847 1120 1859 1132 .

947 1221 997 1271 S.
1024 1220 1370 1288 Rieronymns
1393 1237 1504 1270 non
1526 1220 1768 1286 probavit
1799 1238 1999 1275 morem
2035 1222 2101 1273 ad
2126 1221 2295 1276 Altare
2323 1224 2375 1273 in

835 1308 1054 1361 Canone
1087 1311 1308 1360 nomina
1342 1305 1879 1379 offerentium'palam
1927 1310 2179 1363 recitandi
2206 1349 2219 1375 ,
2264 1314 2299 1364 1.
2327 1312 2376 1362 2.

840 1412 885 1446 e.
918 1396 999 1447 13.
1031 1414 1080 1447 η.
1111 1396 1201 1449 20.

947 1485 1172 1553 Quidam
1204 1495 1405 1554 putant,
1433 1504 1550 1539 eum
1579 1504 1845 1556 nunquam
1878 1488 2096 1540 Missam
2129 1488 2381 1541 celebras·

838 1589 922 1636 se,
952 1574 988 1624 l.
1013 1573 1065 1623 2.
1096 1591 1140 1625 c.
1167 1575 1217 1625 2.
1263 1592 1315 1625 n.
1345 1576 1392 1626 li.
1424 1575 1581 1642 Quod
1612 1577 1796 1627 salsum
1843 1576 2084 1641 videtur,
2112 1578 2213 1627 nisi
2248 1578 2379 1631 forte

838 1662 891 1713 S.
917 1661 1119 1713 Doctor
1143 1660 1346 1713 dicatur
1384 1663 1620 1716 noluisse
1659 1655 1711 1713 in
1741 1664 2070 1716 Mottasterio
2114 1657 2383 1719 Bethlehe-

842 1750 1025 1801 mitico
1050 1750 1266 1802 Missam
1296 1749 1588 1816 celebrare,
1620 1752 1656 1802 1.
1683 1751 1736 1803 ².
1767 1769 1814 1804 c.
1835 1751 1892 1804 2.
1921 1770 1973 1804 n.
2003 1753 2054 1804 8.

1470 1868 1724 1929 Historia
1740 1915 1753 1928 .
1840 1941 1843 1944 Ι

953 2014 1181 2067 Historia
1215 2023 1324 2065 tum
1351 2015 1712 2067 Ecclesiasttca
1741 2055 1755 2081 ‚
1801 2027 1911 2069 tum
1940 2018 2160 2086 profana
2189 2056 2203 2080 ,
2232 2018 2382 2069 dum·

846 2103 1012 2154 modo
1038 2112 1064 2153 κ’
1101 2101 1339 2171 probatis
1366 2104 1728 2172 scriptoribus
1765 2106 1951 2157 tradita
1982 2108 2084 2166 sit‚·
2103 2106 2384 2175 probabile

848 2200 1207 2258 argumentum
1242 2191 1522 2259 Theologo
1552 2210 1649 2260 pro
1677 2193 1833 2245 rebus
1873 2196 1985 2245 suis
2038 2195 2385 2261 suppeditat,

849 2279 1137 2347 eademque
1174 2279 1478 2331 Canonistis
1508 2281 1789 2332 utilissima
1816 2291 1927 2341 est,
1974 2294 2098 2352 post
2140 2282 2387 2352 Append.

849 2368 933 2419 13.
973 2368 1029 2418 t'n
1061 2367 1248 2434 praes
1277 2367 1565 2421 BenedIcei
1593 2372 1748 2422 XIV.
1780 2388 1832 2422 n.
1872 2371 1954 2422 13.

2062 541 2277 599 'mut-tx
2310 540 2803 599 matut-:rmus

2451 687 2596 755 fine.
2641 692 2699 743 In
2742 690 3028 759 Per-vigilio
3055 693 3353 747 Nativitatis
3379 696 3575 753 Christi
3625 707 3746 766 post
3787 694 4020 749 medians

2473 788 2679 830 noctem
2695 781 2853 830 Missa
2865 783 3225 834 conventualis
3238 784 3532 837 celebratur
3552 794 3604 838 et
3616 788 3666 838 S.
3686 786 3810 838 Pius
3829 788 3891 837 V·
3909 786 4016 853 pri-

2464 866 2660 932 vilegia
2687 868 2924 930 sustulit,
2976 869 3030 919 in
3054 858 3256 922 eodem·
3285 873 3572 942 pervigilio
3611 885 3727 927 ante
3767 876 3999 927 mediam

2479 962 2685 1005 noctem
2702 953 3033 1019 celebrandi,
3059 956 3178 1009 ead.

2588 1041 2752 1090 Horae
2777 1041 3076 1096 Canonicae
3106 1044 3158 1095 in
3185 1045 3588 1100 Catbedralibus
3608 1088 3624 1113 ,
3652 1051 3994 1118 collegiatis,

2477 1134 2529 1178 et
2565 1127 2905 1193 Regula-ribus
2930 1131 3180 1182 Ecclesiis
3226 1134 3470 1201 quotidie
3510 1136 3804 1189 recitandae
3847 1143 3970 1190 sun't
3996 1175 4016 1202 ,

2479 1214 2574 1265 sub
2601 1233 2820 1282 quarum
2852 1220 3073 1270 nomine
3101 1221 3261 1271 Missa
3288 1239 3397 1272 non
3427 1225 3756 1290 continetur,
3801 1228 3838 1276 l.
3867 1227 3918 1278 3.
3949 1244 3998 1280 e.

2479 1300 2527 1350 3.
2569 1319 2619 1350 η.
2650 1302 2700 1352 l.
2728 1304 2848 1354 Non
2879 1320 3265 1373 praepropere,
3306 1308 3399 1361 sed
3436 1321 3611 1363 exacte
3635 1349 3649 1375 ‚
3697 1321 3749 1364 et
3789 1314 4016 1367 maxime

2479 1406 2596 1439 cum
2619 1389 2875 1456 religione
2893 1391 3156 1456 canendae
3183 1396 3389 1447 suntab
3412 1397 3798 1468 omnibusrqui
3824 1401 4012 1460 cnut,

2481 1478 2730 1529 interesse
2745 1478 2969 1544 debent,
2992 1484 3204 1536 nemine
3224 1494 3470 1554 excepto.
3503 1486 3756 1555 Append.
3776 1487 3896 1562 ’1.5.
3922 1488 4019 1540 ²3,

2480 1575 2530 1615 ee
2555 1563 2642 1613 24.

3132 1694 3333 1747 Hostia
3359 1733 3371 1747 .

2589 1825 2797 1879 Hostiae
2822 1828 2953 1879 olim
2984 1813 3293 1898 grandiores
3324 1842 3489 1897 erant,
3516 1843 3568 1887 et
3596 1836 3850 1902 minores,
3870 1849 3922 1892 et
3951 1839 4018 1891 ad

2485 1909 2684 1964 denarii
2716 1917 3133 1984 magnitudinem
3155 1920 3273 1971 fieri
3303 1934 3611 1990 coeperunt,
3632 1943 3750 1976 cum
3781 1929 3931 1994 pauci
3962 1929 4020 1980 in

2484 2002 2644 2052 Missa
2671 2006 3166 2076 communicarent,
3194 2009 3233 2059 l.
3275 2011 3323 2060 1.
3346 2027 3392 2060 e.
3422 2011 3474 2062 6.
3503 2029 3553 2060 n.
3593 2012 3645 2063 2.
3675 2026 3727 2066 et
3750 2015 3799 2066 3.
3832 2016 4018 2069 Graeci

2483 2089 2775 2156 quadratas,
2807 2092 3016 2144 Armeni
3040 2130 3054 2154 ,
3083 2096 3281 2147 relictis
3310 2097 3613 2166 quadratis,
3643 2103 3895 2155 rotundas
3933 2104 4021 2155 ad-

2488 2175 2670 2230 hibent
2691 2217 2705 2243 ‚
2735 2188 2790 2230 ut
2839 2181 2996 2232 etiam
3028 2184 3198 2234 Latini
3229 2220 3243 2245 ,
3277 2185 3417 2252 apud
3455 2206 3594 2260 quos
3617 2192 4019 2259 antiquissimus

2485 2273 2561 2315 est
2597 2267 2936 2346 rotundarum
2969 2286 3124 2328 usus.
3166 2271 3348 2324 Graeci
3382 2274 3433 2324 in
3467 2276 3665 2339 medio,
3704 2287 3758 2330 et
3784 2281 3837 2330 in
3866 2298 4025 2347 angn-

2488 2351 2553 2402 lis
2591 2355 2821 2422 sigillum
2851 2358 3169 2423 imprimunt
3197 2398 3210 2423 ,
3249 2359 3303 2411 in
3334 2380 3443 2429 quo
3471 2364 3673 2416 litterae
3700 2375 3823 2417 sunt
3846 2369 4019 2435 expri-

957 2455 1581 2507 HistoriaEcclesiasticae
1602 2458 1861 2508 Baronius
1880 2459 2079 2509 Parens
2101 2459 2233 2515 fuit:
2264 2459 2388 2510 inde
2492 2451 2687 2492 ''³⁶⁰¹‘’
2723 2445 2887 2496 Jews
2919 2444 3163 2498 Chri-“¹¹⁸
3207 2448 3373 2500 ‘’¹⁰¹²‘'st
3395 2488 3409 2511 ν
3439 2468 3489 2502 '1-
3520 2452 3570 2502 3«
3601 2466 3654 2529 ‘l
3678 2454 3726 2504 ⁴·
3756 2457 4027 2508 Incestum

850 2552 963 2594 orta
1001 2552 1078 2594 est
1112 2544 1477 2594 Ecclesiastico
1516 2544 1747 2596 eruditio
1770 2584 1783 2606 ‚
1825 2564 1957 2612 quae
1995 2548 2258 2611 Religioni
2300 2549 2392 2600 Cal-

850 2631 1076 2681 tbolicae
1102 2648 1209 2681 nou
1242 2632 1352 2681 leve
1383 2631 1708 2697 praesidium
1741 2633 1928 2684 affert:
1971 2647 2093 2699 post
2142 2635 2392 2704 Append.

854 2717 936 2768 13.
967 2717 1022 2767 ἰη
1054 2715 1296 2784 Pmefizt.
1328 2716 1532 2770 Bened.
1560 2722 1720 2771 XIV.
1750 2737 1809 2771 n.
1837 2722 1920 2772 13.
1954 2733 2004 2773 ee
2033 2723 2151 2773 st·

960 2804 1096 2857 Card
1132 2806 1427 2856 Palaeottus
1452 2807 1726 2859 Bononiae
1756 2808 1990 2859 studium
2022 2826 2194 2862 sacrae
2221 2811 2395 2862 Histo-

2489 2538 2586 2590 est,
2613 2532 2827 2598 quando
2867 2533 3007 2584 ferro
3036 2535 3205 2600 ignito
3233 2538 3421 2589 confici
3452 2543 3756 2608 coeperint.
3781 2557 3788 2569 ·
3810 2546 4026 2598 Denarii

2492 2615 2703 2683 figuram
2763 2619 2981 2683 habent,
3019 2623 3098 2673 vel
3127 2624 3250 2690 quia
3281 2626 3501 2682 Domini
3531 2638 3608 2681 est
3641 2629 3792 2684 orbis
3817 2642 3983 2687 terrae
4011 2673 4028 2700 ,

2490 2705 2570 2754 vel
2595 2706 2717 2773 quia
2744 2708 2985 2759 Christus
3015 2727 3113 2776 pro
3143 2710 3377 2764 denariis
3409 2715 3629 2767 traditus
3672 2728 3751 2769 est
3788 2722 4022 2791 vel‘quia

2493 2790 2738 2844 denarius
2765 2794 2817 2846 iu
2848 2798 2995 2847 vinea
3019 2796 3381 2868 inherentibus
3411 2805 3779 2868 proffmercede
3807 2812 4032 2874 promit·

853 2894 962 2944 riae
996 2893 1219 2943 excitare
1265 2900 1486 2943 conatus
1529 2901 1632 2955 est,
1673 2895 1816 2962 quod
1838 2883 2031 2964 postea
2061 2917 2087 2947 a
2111 2897 2390 2947 nonnullis
2498 2879 2655 2939 mm‘⁰
2685 2880 2736 2931 ἦ
2783 2884 3176 2950 Anfiqulsssim*
3196 2894 3274 2936 ΕΜ
3311 2888 3364 2942 in
3393 2889 3670 2951 Orientali,
3699 2903 3749 2943 et
3774 2895 4034 2947 Occiden-

853 2979 1055 3032 ibidet'n
1086 2979 1186 3031 fuit
1213 2981 1473 3031 excultum
1494 3018 1508 3042 ,
1564 2981 1655 3032 sed
1690 2993 1814 3034 mox
1854 2984 2216 3036 intermissum
2237 3023 2253 3045 ,
2278 2996 2399 3050 post
2497 2968 2583 3017 ¹²⁹5
2611 2969 2838 3021 3001‘235
2882 2972 3211 3023 0⁰⁰⁸⁰²¹⁰d0
3258 2974 3479 3026 Crucem
3511 2978 3591 3027 vel
3627 2978 3876 3036 Cruoifixi
3905 2984 4039 3035 ima-

855 3066 1102 3136 Append.
1138 3067 1219 3118 13.
1250 3067 1305 3118 in
1336 3065 1521 3135 Praes.
1552 3070 1760 3121 Bened.
1789 3074 1944 3123 XIV.
1978 3088 2028 3121 n.
2063 3075 2146 3124 lli.
2166 3077 2230 3124 'ee
2253 3091 2397 3140 seqq.

968 3154 1041 3208 Ad
1087 3154 1221 3207 hanc
1257 3153 1619 3208 eruditionem
1660 3158 2074 3224 comparandam
2106 3162 2399 3213 necessaria

860 3252 941 3296 est
975 3244 1168 3294 latinae
1202 3243 1416 3309 ‘linguae
1463 3245 1653 3311 peritia
1683 3282 1697 3307 ,
1735 3248 1862 3296 item
1900 3245 2251 3315 Philosophia
2278 3284 2292 3308 ,
2345 3262 2401 3297 ac

862 3330 1181 3399 Theologia,
1205 3336 1325 3393 post
1343 3330 1589 3397 Append.
1606 3332 1690 3382 13.
1710 3332 1765 3382 in
1792 3331 1981 3400 Praef
2012 3334 2214 3385 Bened.
2243 3336 2402 3387 XIV.

860 3435 915 3469 n.
945 3418 1025 3468 17.
1058 3431 1109 3468 ee
1144 3417 1231 3468 2⁰.
1269 3418 1452 3470 Plures
1482 3418 1805 3469 eruditionis
1841 3420 2237 3471 Ecclesiasticae
2282 3420 2404 3471 Aca·

864 3504 1068 3557 demine
1093 3507 1290 3557 Romae
1319 3513 1519 3573 erectae
1548 3513 1669 3569 sunt
1689 3543 1703 3567 ,
1749 3514 1799 3558 et
1843 3506 1968 3557 alibi
2000 3515 2173 3558 essent
2201 3508 2405 3574 erigen-

864 3593 978 3657 dae,
998 3601 1167 3660 etqua
1186 3590 1439 3641 methodo
1473 3590 1913 3659 frequentandae,
1933 3589 2081 3644 n.2o‘.
2108 3606 2160 3645 et
2175 3612 2318 3661 seqq.
2334 3592 2406 3646 ib.

898 3702 899 3705 ¹
977 3678 1179 3733 Verba:
1211 3675 1527 3749 Hoc-facite
1549 3676 1605 3728 t’n
1634 3696 1810 3730 meam
1839 3679 2408 3732 commemorationem

867 3769 1006 3820 dicta
1043 3787 1068 3818 a
1111 3766 1326 3819 Christo
1382 3765 1436 3814 in
1485 3765 1851 3819 Eucharistiae
1909 3768 2247 3819 institutione
2291 3783 2407 3818 non

865 3856 1228 3926 praecipiunt,
1258 3862 1313 3903 ut
1340 3851 1405 3904 ab
1446 3852 1699 3903 omuibus
1729 3853 2012 3907 Fidelibns
2066 3854 2208 3906 idem
2238 3856 2414 3907 Sacra·

867 3952 1105 3995 mentum
1133 3941 1230 3994 sub
1258 3950 1477 4010 utraque
1507 3940 1685 4009 specie
1710 3940 2074 4011 percipiatur,
2106 3943 2140 3993 1.
2167 3941 2221 3992 2.
2250 3959 2294 3992 e.
2321 3941 2409 3992 22.

872 4050 924 4084 n.
952 4031 1043 4084 21.

1500 4153 1758 4207 Humilia
1772 4195 1785 4208 .

983 4297 1232 4358 Humilia,
1258 4296 1339 4348 vel
1367 4312 1544 4346 sermo
1573 4294 1635 4346 ad
1662 4295 1929 4364 Populum
1966 4295 2094 4345 olim
2124 4293 2417 4346 habebatur

875 4388 932 4439 in
951 4389 1110 4439 Missa
1139 4393 1258 4454 post
1285 4384 1652 4451 Evangelium,
1672 4392 1724 4434 et
1752 4384 1954 4433 monita
1972 4388 1983 4401 ⁸
2003 4382 2185 4433 salutis
2224 4380 2417 4431 daban·

877 4483 982 4533 tur,
1010 4490 1066 4524 ac
1093 4490 1192 4541 pro
1221 4471 1340 4523 aliis
1371 4471 1644 4522 orationes
1684 4469 2064 4522 incidebantur
2085 4506 2099 4533 ,
2141 4470 2179 4519 1.
2204 4469 2257 4519 2
2289 4486 2335 4520 c.
2360 4469 2415 4520 ’1.

880 4579 933 4612 n.
961 4564 1012 4612 7.
1043 4573 1094 4612 ee
1110 4562 1162 4613 8.
1182 4559 1271 4610 hic
1294 4576 1408 4610 mos
1421 4559 1483 4610 ab
1506 4557 1758 4611 Hebraeis
1789 4558 2054 4610 derivatus
2074 4563 2162 4609 est
2185 4565 2417 4609 servatus

882 4648 937 4698 in
966 4648 1154 4711 Gallia,
1181 4656 1233 4699 et
1259 4664 1285 4697 a
1309 4645 1561 4698 Pati-ochis
1582 4645 1797 4707 ltaliae,
1827 4642 1898 4694 ib.

1554 4771 1714 4821 Hora
1728 4806 1740 4818 .

993 4910 1069 4965 Ab
1109 4928 1294 4963 aurora
1318 4907 1381 4961 ad
1417 4905 1694 4960 meridiem
1736 4906 1898 4958 Missa
1936 4905 2186 4958 celebrari
2217 4911 2419 4973 potest.

878 5002 1075 5055 Romae
1099 5000 1273 5068 praxis
1306 4998 1556 5048 toleratur
1575 5032 1589 5058 ‚
1616 5001 1675 5045 ut
1712 4993 1874 5046 horae
1902 4996 2092 5045 triente
2119 5002 2238 5044 ante
2266 5009 2418 5043 auro-

883 5107 995 5142 ram
1012 5127 1026 5153 ,
1054 5097 1106 5141 et
1131 5095 1254 5155 post
1290 5084 1566 5136 meridiem
1592 5080 1891 5134 celebretur
1911 5119 1925 5133 .
1960 5081 2305 5148 Improbatur
2339 5097 2423 5131 ver

885 5194 950 5229 ro
973 5191 1098 5227 usus
1112 5174 1301 5225 multas
1326 5179 1443 5225 ante
1462 5183 1725 5226 auroram.
1746 5176 1798 5219 et
1815 5177 1938 5235 post
1955 5168 2233 5218 meridiem
2263 5166 2423 5217 boras

879 5265 1097 5316 Missam
1137 5257 1460 5322 celebrandi,
1491 5255 1595 5313 nisi
1625 5255 1992 5323 Apostolicum
2028 5255 2166 5305 adsit
2203 5253 2423 5306 Privile·

895 5353 1037 5421 giutn
1061 5387 1075 5414 ,
1127 5350 1164 5400 1.
1192 5348 1241 5399 3.
1269 5364 1313 5398 c.
1340 5345 1392 5397 7.
1426 5361 1478 5395 n.
1507 5345 1560 5396 li.
1588 5355 1641 5396 ee
1667 5344 1915 5415 Append.
1968 5346 2050 5394 10.
2097 5342 2156 5394 in
2190 5344 2335 5394 Nota
2364 5340 2422 5390 in

2494 3052 2667 3121 ginem
2699 3056 2751 3105 in
2778 3055 2967 3107 hostiis
2996 3058 3368 3124 imprimendi,
3397 3078 3543 3111 num.
3575 3064 3620 3114 li>

2605 3143 2837 3197 Hostiam
2869 3145 3004 3209 intur
3030 3163 3087 3197 se
3107 3183 3122 3208 ‚
3150 3147 3456 3199 etCalicem
3500 3149 3755 3204 Sacerdos
3781 3171 3924 3208 nunc
3958 3176 4037 3212 re-

2500 3236 2579 3279 cte
2604 3232 2862 3282 collocat:
2886 3233 3067 3285 Graeci
3101 3252 3223 3285 vero
3253 3251 3352 3303 per
3378 3235 3571 3287 lineam
3602 3248 3792 3291 rectam
3823 3261 3850 3293 a
3877 3246 4044 3298 latere

2502 3315 2564 3365 ad
2595 3317 2724 3368 latus
2753 3329 2976 3387 ponunt,
2996 3320 3142 3389 quod
3163 3320 3257 3372 diu
3275 3323 3433 3373 etiam
3461 3324 3692 3376 Romana
3721 3326 3844 3381 fecit
3865 3332 4044 3386 Eccle-

2502 3403 2603 3453 sia:
2661 3405 2809 3457 Calix
2861 3407 2924 3456 ad
2974 3407 3241 3459 dexteram
3300 3409 3506 3464 oblatae
3543 3412 3847 3477 iocabatur,
3887 3423 4044 3488 quasi

2502 3495 2807 3560 sanguinem
2835 3496 3051 3546 Domini
3085 3506 3424 3571 suscepturus
3455 3535 3469 3561 ‚
3511 3499 3548 3549 1.
3586 3500 3639 3550 2.
3676 3519 3721 3552 e.
3751 3505 3833 3555 1⁰.
3863 3523 3914 3556 n.
3949 3510 4041 3559 10.

2614 3582 2840 3643 Hostiae,
2869 3584 3073 3651 quaein
3101 3585 3263 3634 Missa
3284 3574 3669 3640 consecrandae
3684 3601 3837 3658 sunt,
3868 3595 3920 3645 in
3943 3596 4048 3648 Po-

2504 3669 2634 3735 pulo
2659 3668 3043 3721 distribuantur
3065 3707 3079 3732 ,
3107 3671 3189 3722 vel
3216 3689 3377 3739 super
3402 3673 3694 3741 Corporale
3720 3715 3735 3742 ‚
3764 3682 3843 3733 vel
3871 3684 3925 3734 in
3948 3686 4048 3754 Py·

2506 3755 2630 3807 xide
2654 3792 2668 3816 ,
2709 3772 2817 3807 non
2872 3775 2996 3808 vero
3052 3774 3210 3827 super
3264 3761 3511 3812 patenam
3569 3767 3846 3832 ponendae
3885 3783 4005 3825 sunt
4030 3811 4051 3838 ,

2509 3843 2723 3913 quando
2755 3844 3078 3912 offeruntur,
3117 3856 3168 3898 et
3190 3847 3334 3899 Pixis
3365 3866 3522 3917 snper
3547 3852 3840 3920 Corporale
3858 3859 4054 3925 'proxi-

2511 3948 2593 3984 nte
2621 3942 2739 4000 post
2764 3933 2992 3985 Calicem
3023 3933 3246 3985 locanda
3281 3943 3377 4000 est,
3410 3945 3460 3988 et
3488 3940 3742 3993 Sacerdos
3774 3944 4055 4002 intendere

2512 4018 2666 4071 debet
2692 4014 2776 4071 eas
2804 4020 3000 4072 hostias
3031 4021 3222 4074 offerre
3249 4060 3263 4086 ‚
3292 4031 3342 4075 ot
3363 4042 3701 4092 consecrare,
3741 4031 3775 4081 1.
3805 4033 3856 4084 3.
3885 4052 3932 4087 e.
3965 4038 4052 4089 18.

2512 4126 2562 4161 n.
2595 4110 2623 4159 1
2679 4108 2823 4160 Pixis
2854 4127 2975 4160 vero
3007 4109 3333 4175 oblationis,
3360 4120 3413 4164 et
3454 4119 3872 4173 consecrationis
3925 4132 4058 4176 tem·

2513 4214 2644 4265 pore
2668 4203 2747 4248 est
2773 4196 3055 4263 aperienda
3069 4227 3098 4263 ,-
3121 4206 3171 4249 et
3201 4197 3304 4249 nisi
3347 4201 3632 4267 aperiatur,
3660 4211 3950 4273 particulae
3968 4230 4058 4263 n-

2512 4284 2651 4345 tide,
2677 4281 2770 4334 sed
2804 4282 3000 4335 illicite
3028 4294 3398 4349 consecratur,
3436 4296 3485 4339 et
3529 4308 3720 4358 quare-5
3749 4310 3801 4345 n.
3845 4295 3900 4353 2.
3926 4301 4055 4353 Non

2517 4379 2689 4440 potest
2729 4370 2897 4423 valide
2931 4372 3233 4443 consecrari
3280 4376 3522 4437 materia,
3563 4377 3672 4431 sive
3703 4380 3876 4434 hostia
3925 4396 4054 4453 post

2517 4468 2715 4528 tergum
2747 4458 3041 4510 Sacerdotis
3070 4459 3241 4526 posita
3263 4498 3277 4522 ,
3323 4471 3411 4512 aut
3438 4463 3595 4533 longe
3623 4467 3843 4536 absens,
3873 4490 4060 4541 quan}-

2516 4564 2672 4616 quam
2704 4547 2864 4597 menti
2897 4564 3161 4614 praesens,
3190 4558 3279 4599 aut
3307 4567 3401 4617 per
3442 4569 3637 4622 corpus
3666 4556 4000 4627 interjectum
4028 4583 4059 4616 a

2516 4636 2870 4690 consecrante
2897 4634 3159 4698 sejuncta,
3197 4651 3250 4686 n.
3278 4636 3330 4686 3.

2627 4723 2895 4785 Hostiae(
2912 4739 3044 4790 quae
3080 4722 3142 4772 aii
3174 4723 3345 4774 Altare
3369 4726 3432 4777 jn
3461 4728 3622 4778 Missa
3669 4736 4062 4790 consecrandae

2518 4812 2846 4871 deteruntur,
2874 4817 3155 4878 postquam
3177 4810 3363 4862 Canon
3388 4814 3593 4865 recitari
3626 4826 3844 4886 coeptus
3865 4823 3952 4885 sit,
3977 4825 4063 4876 ni-

2521 4902 2561 4951 si
2594 4898 2761 4967 gravis
2789 4897 3019 4965 legitima
3050 4913 3204 4948 causa
3236 4907 3434 4966 urgeat,
3464 4918 3572 4953 non
3602 4915 3722 4955 sunt
3752 4924 4062 4962 consecran-

2522 4986 2617 5038 dae
2639 5024 2653 5049 ,
2673 4986 2840 5037 etiam
2867 4984 2910 5034 si
2941 4991 3177 5051 ageretur
3203 4983 3267 5035 de
3294 4990 3651 5040 consecranda
3679 4995 3933 5061 particula
3960 5016 4064 5066 pro

2520 5073 2728 5131 viatico
2753 5071 2818 5123 ad
2851 5070 3119 5123 infirmum
3152 5070 3433 5140 deferenda
3451 5111 3466 5138 ‚
3494 5078 3549 5126 in
3576 5096 3848 5149 quoacasu
3877 5087 4064 5151 potius

2523 5181 2585 5216 ex
2614 5160 2799 5227 majori
2830 5159 3003 5209 hostia
3031 5160 3284 5226 particula
3313 5159 3514 5213 detrahi
3548 5176 3747 5231 posset,
3774 5177 3827 5221 et
3854 5187 3955 5238 pro
3982 5175 4066 5224 fin.

2521 5252 2681 5309 firmo
2710 5247 2955 5300 reservari
2979 5240 2995 5307 ’,
3027 5246 3065 5296 1.
3085 5245 3138 5296 3.
3165 5262 3210 5297 c.
3254 5248 3337 5297 18.
3361 5265 3414 5299 n.
3446 5250 3494 5299 4.
3525 5263 3577 5301 et
3596 5252 3646 5303 li.

2640 5336 2693 5389 Si
2721 5334 2977 5388 Sacerdos
2995 5333 3050 5384 in
3075 5335 3319 5387 Sacristia
3346 5334 3681 5403 declarasset,
3709 5358 3763 5393 se
3784 5344 4071 5411 particulas
