4487 6316
1006 463 1104 513 172

1803 461 1889 512 DE
1928 459 2410 515 SACROSANGTO
2449 461 2665 514 MtssAE
2702 461 3087 516 sacntmcto

821 604 1157 685 plicandam
1186 605 1434 667 minime
1466 603 1692 676 teneri3
1725 610 1853 665 tum
1885 603 2048 684 quod
2073 605 2146 663 ab
2172 607 2359 669 inance·
2465 612 2707 683 propter
2735 605 3221 666 Praebendarum
3250 606 3602 669 tenuitatem
3622 624 3776 673 onus
3803 607 4000 690 appli-

821 701 1094 759 morabili¹
1112 713 1420 779 nunquam
1452 699 1692 761 Missam
1715 697 2160 785 applicaverant
2186 706 2357 769 ;.tum
2465 698 2639 758 candi
2668 698 2908 760 Missam
2936 701 3404 765 Conventualem
3431 700 3508 763 ad
3549 701 3676 763 dies
3703 701 3885 765 festos
3922 723 4000 765 ex

819 793 982 881 quod
1011 793 1206 873 primo
1235 792 1551 873 cujuslibet
1590 792 1808 853 mensis
1832 792 1930 852 die
1960 811 2080 852 non
2110 791 2358 881 impedi·

2465 799 2775 871 praecepto
2800 799 3169 853 contractum
3192 791 3337 855 t‘uit:
3364 794 3425 854 S.
3451 795 3843 876 Congregatio
3862 815 4005 876 pro-

821 894 884 949 to
909 886 1281 950 Nocturnum
1306 887 1737 948 Defunctorum
1764 906 1899 947 cum
1930 884 2236 948 Laudibus
2259 905 2356 947 re-
2389 872 2398 880 ⁵
2465 893 2668 964 pterea
2694 887 3021 966 respondit,
3058 888 3252 969 teneri·
3275 888 3519 968 quidem
3542 889 3871 965 Canonium
3894 910 4005 972 ap-

815 979 1122 1052 citabant,
1157 988 1230 1041 et
1260 981 1499 1042 Missam
1548 989 1921 1041 mortuorum
1965 994 2075 1060 pro
2098 979 2358 1064 ,Benefa-
2465 976 2689 1056 plicare
2739 979 2982 1041 Missam
3050 978 3515 1043 Conventualem
3573 984 3844 1063 quotidie
3890 1004 4002 1065 pro

819 1075 1087 1140 ctoribus
1111 1075 1439 1155 generatim
1467 1074 1885 1136 celebrabant.
1921 1075 1990 1135 In
2019 1074 2357 1157 Congrega-

820 1168 983 1230 tione
1011 1168 1218 1229 habita
1246 1168 1424 1231 diet.
1459 1159 1658 1230 Martii
1700 1173 1871 1229 1719.
1921 1188 2052 1229 eam
2103 1169 2359 1230 Causam
2406 1162 2412 1186 ⁸

733 1326 737 1330 ,
817 1263 1271 1345 proposuimus,
1317 1272 1375 1324 et
1423 1263 1488 1324 in
1542 1262 1744 1335 Folio,
1781 1263 1943 1342 quod
1977 1261 2254 1342 componi
2299 1268 2360 1323 et

818 1357 995 1439 typis
1025 1356 1260 1438 vulgari
1304 1357 1483 1419 solet
1501 1376 1537 1419 a
1590 1356 1962 1430 Secretario,
2020 1365 2249 1418 veteres
2290 1355 2352 1415 S.

819 1451 1309 1533 Congregationis
1360 1451 1749 1513 resolutiones
1794 1450 2144 1523 attulimus,
2199 1469 2357 1529 quae

811 1549 1065 1630 jubent,-
1095 1547 1422 1609 Canonicos
1453 1546 1902 1608 Cathedralium
1920 1544 2190 1626 quotidie
2218 1544 2360 1605 Mis-

818 1660 945 1703 sam
981 1642 1446 1703 Conventualem
1501 1622 1984 1703 Benelactoribus
2029 1640 2360 1721 generatim

819 1722 1140 1816 applicare.
1176 1735 1237 1796 S.
1270 1735 1662 1817 congregatio
1690 1735 1789 1795 die
1821 1739 1912 1795 18.
1948 1733 2156 1795 Martii
2206 1734 2360 1815 ejus-

820 1830 956 1892 dem
984 1829 1126 1891 anni
1153 1830 1488 1910 respondit,
1521 1829 1708 1892 teneri
1729 1828 2057 1891 Canonicos
2072 1828 2354 1890 Conven-

820 1923 1045 1986 tualem'
1088 1923 1327 2002 Missam
1363 1922 1633 2003 quotidie
1660 1921 2146 1985 Benefactoribus
2172 1940 2351 2002 gene-

821 2017 999 2080 ratim
1024 2017 1345 2097 applicare,
1370 2017 1535 2077 omni
1555 2016 1900 2096 exceptione
1921 2006 2156 2098 rejecta.
2185 2017 2357 2095 Item,

817 2126 955 2173 cum
983 2111 1191 2172 eodem
1218 2104 1466 2171 munere
1490 2109 1899 2192 fungeremur,
1938 2109 2246 2190 respondit
2289 2108 2350 2169 S.

819 2205 1235 2287 Congregatio,
1267 2203 1611 2285 petitionem
1626 2203 2009 2285 rejiciendam
2034 2203 2358 2284 Archipre-

818 2298 1044 2381 sbyteri
1067 2297 1594 2359 etcanonicorum
1626 2297 1983 2380 Collegiatae
2006 2297 2067 2358 S.
2103 2295 2358 2377 Euphe-

817 2393 976 2455 miae
989 2392 1283 2455 Dioecesis
1291 2392 1614 2465 Comensis,
1632 2392 1741 2473 qui
1763 2392 2204 2454 contendebant
2233 2412 2359 2476 non

822 2487 1012 2550 teneri
1055 2506 1117 2549 se
1159 2487 1233 2548 ad
1283 2487 1574 2569 ejusmodi
1625 2487 2041 2567 quotidianam
2085 2486 2361 2548 Conven-

825 2581 1004 2643 tualis
1033 2579 1246 2642 Missae
1292 2579 1784 2661 applicationem,
1816 2588 1884 2642 ut
1915 2581 2120 2642 videre
2160 2588 2252 2642 est
2296 2580 2356 2641 in

794 2674 1189 2737 ·resotutione
1214 2675 1333 2736 diei
1364 2681 1458 2736 11.
1501 2675 1644 2756 Maji
1676 2680 1848 2736 1720.
1898 2674 2120 2740 contr·
2139 2663 2365 2754 «Rona-

815 2778 1084 2831 ventura
1137 2769 1465 2849 Episcopus
1521 2769 1743 2831 Montis
1795 2768 2098 2845 Flasconis
2132 2744 2363 2851 ,02³³th

828 2863 1158 2926 Dioecesim
1187 2862 1478 2943 visitaret,
1511 2862 1738 2924 veritus
1765 2869 1874 2934 est,
1915 2881 1992 2923 ne
2024 2859 2367 2924 Sacerdotes

829 2957 1077 3039 quidam
1132 2955 1466 3018 Parochiali
1520 2955 1816 3018 Ecclesiae
1863 2956 2126 3029 Martae,
2175 2974 2362 3036 quam

832 3053 958 3133 ipse
979 3051 1161 3112 etiam
1183 3049 1569 3132 collegiatam
1609 3069 1735 3112 esse
1758 3048 2073 3131 credebat,
2111 3049 2236 3111 sub'
2254 3048 2365 3117 Ca·

833 3145 1187 3208 nonicorum
1240 3144 1484 3207 nomine
1531 3143 1919 3238 inservientes
1971 3166 2081 3208 suo
2131 3143 2366 3206 muneri

774 3301 775 3304 ,
835 3242 1102 3303 deeoeent
1123 3286 1139 3313 ,
1173 3249 1484 3320 propterea
1511 3240 1678 3320 quod
1707 3240 1948 3304 Missam
1970 3241 2214 3322 quidem
2254 3240 2369 3301 Pa-

835 3334 1160 3397 rochiatem
1188 3333 1416 3412 Populo
1465 3333 1628 3391 festis
1673 3335 1886 3394 diebus
1935 3335 2365 3414 applicabant,

836 3450 957 3491 non
991 3438 1184 3490 tamen
1214 3430 1448 3486 Missam
1476 3432 1939 3488 (Intiwntualvm
1969 3454 2071 3508 pm
2123 3428 2367 3492 Benesa-

833 3523 1099 3585 ctoribus
1120 3525 1442 3603 gom-ratini
1474 3527 1819 3581 ossi-rebant.
1853 3527 2099 3583 Causam
2127 3524 2189 3584 S.
2217 3523 2373 3584 Con-

770 3675 774 3680 .
835 3616 1165 3699 gregatioui
1206 3619 1623 3697 proposuimus
1653 3619 1751 3680 die
1781 3625 1877 3678 29.
1908 3621 2157 3682 Januar.
2210 3637 2374 3678 anno

842 3713 1016 3770 1718.
1048 3717 1108 3770 et
1131 3708 1389 3770 rationes
1408 3709 1823 3789 exposuimus,
1861 3711 2253 3789 quamobrem
2304 3728 2376 3771 ea

836 3802 1098 3866 Ecclesia
1140 3821 1261 3863 non
1287 3811 1438 3864 esset
1469 3804 1763 3864 censenda
1785 3804 1939 3865 inter
1979 3804 2373 3886 Collegiatas;

837 3895 899 3956 S.
926 3902 1124 3956 autem
1170 3894 1561 3977 Congregatio
1601 3895 1698 3957 die
1731 3901 1822 3956 12.
1863 3897 2177 3958 Februarii
2219 3898 2377 3978 ejus·-

839 3990 975 4053 dem
996 3989 1140 4051 anni
1168 3989 1493 4068 respondit,
1540 3980 1676 4049 cu'm
1708 3991 1814 4053 illa
1842 3991 2103 4053 Ecclesia
2130 4010 2253 4059 non
2273 4009 2377 4051 es-

839 4094 929 4146 set
947 4103 1086 4145 vere
1108 4076 1427 4164 Collegiata
1446 4130 1461 4155 ,
1496 4084 1877 4147 nullumesse
1901 4104 2054 4146 onus
2069 4084 2381 4147 celebran-

842 4178 901 4239 di
935 4188 994 4239 et
1034 4176 1371 4257 applicandi
1403 4178 1644 4252 Missam
1674 4178 2172 4240 Benefactoribus.
2206 4196 2381 4259 gene-

2466 1071 2953 1135 Benefactoribus
2974 1075 3327 1155 generatim,
3356 1076 3459 1136 sed
3481 1075 3555 1137 iis
3575 1078 3799 1139 remitti
3833 1098 4003 1158 posse

2464 1166 2754 1246 ejusmodi
2783 1185 2935 1228 onus
2962 1175 3204 1248 propter
3239 1170 3590 1232 tenuitatem
3616 1171 4002 1238 Praebenda-

2429 1277 2626 1331 .,rum
2663 1260 2988 1323 dummodo
3014 1281 3145 1323 eam
3173 1263 3544 1344 applicarent
3582 1265 3797 1338 diebus
3816 1266 4009 1331 omni·

2467 1353 2581 1414 bus
2603 1353 2767 1415 sestis
2808 1375 2884 1416 ex
2923 1365 3268 1446 praecepto7

2582 1452 2640 1507 5.
2667 1447 2761 1508 Ex
2788 1448 2904 1521 his,
2930 1468 3087 1529 quae
3106 1447 3391 1531 hectunus
3410 1411 3795 1532 exposuimus
3820 1402 4002 1534 patet,

2466 1560 2599 1602 eam
2627 1560 2752 1603 esse
2777 1543 2837 1602 S.
2884 1540 3371 1625 Congregatitinis
3401 1545 3654 1609 Consilii
3688 1547 4002 1630 regulam,

2467 1642 2537 1695 ut
2565 1633 2746 1696 Missa
2773 1636 3198 1700 Conventualis
3226 1640 3495 1720 quotidie
3523 1642 4010 1728 Benefactoribus

2470 1729 2800 1808 generatim
2835 1728 3216 1811 applicetur
3200 1751 3261 1828 in
3304 1733 3644 1798 Cathedrah
3655 1737 3765 1796 bus
3792 1744 3853 1798 et
3878 1703 4175 1802 Col-‚0⁰⁰⁰

2469 1820 2702 1904 legistis
2730 1823 3039 1898 Ecclesiis3
3084 1822 3136 1886 is
3163 1845 3347 1900 vero,
3379 1819 3487 1908 qui
3516 1838 3788 1909 praeest,
3814 1830 4004 1910 possit

2469 1933 2622 1975 onus
2651 1916 2977 1990 remittere,
3001 1926 3190 1998 atque
3210 1920 3568 2002 contrahere
3600 1921 3677 1983 ad
3707 1923 3865 1985 solos
3885 1924 4015 1987 dies

2470 2008 2699 2071 festos
2681 2029 2747 2070 ιιι
2770 2009 2843 2072 iis
2864 1992 3322 2075 cathedralibus
3349 2022 3411 2076 et
3433 2015 3822 2098 Collegiatis,
3859 2037 4014 2099 qua·

2455 2121 2608 2181 *rum
2653 2103 3051 2170 Praebendae
3095 2105 3304 2187 inopes
3349 2107 3513 2170 sint:
3555 2109 3781 2189 quibus
3828 2111 4012 2174 etiam

2472 2215 2633 2258 nunc
2685 2198 2908 2284 regulis
2935 2199 3125 2260 utitur
3158 2199 3365 2262 eadem
3408 2201 3539 2273 Sac.
3576 2192 3970 2286 Congregatio
3989 2249 4008 2266 .

2470 2290 2763 2370 Exposuit
2783 2291 3280 2374 Arcbiepiscopus
3328 2296 3693 2377 Spalatensis
3717 2296 3790 2360 in'
3830 2300 4015 2362 Rela-

2474 2384 2636 2447 tione
2677 2386 2753 2448 de
2784 2406 2927 2450 suae
2955 2387 3253 2451 Ecclesiae
3276 2398 3471 2465 statu,
3515 2392 3844 2470 Canonicos
3867 2414 4014 2469 sitae

2472 2475 2972 2559 Metropolitanae
3020 2481 3225 2543 solitos
3275 2500 3401 2544 esse
3448 2484 3720 2564 quotidie
3766 2486 4013 2550 Missam

2475 2572 2945 2636 Conventualem
2976 2584 3249 2650 cantare,
3295 2577 3399 2638 sed
3421 2597 3543 2639 non
3570 2578 3899 2667 applicare
3906 2582 4016 2644 Be-

2476 2666 2879 2730 nefastoribus
2924 2669 3310 2751 generatim
3344 2671 3465 2733 Nos
3519 2656 4011 2756 Congregationis

2474 2760 2719 2822 nomine
2739 2761 2829 2823 illi
2860 2765 3305 2844 respondimus,
3328 2766 3571 2847 juberet
3588 2769 3830 2851 Missam
3859 2767 4017 2831 Con-

2478 2856 2821 2918 ventualem
2849 2858 3119 2938 quotidie
3151 2859 3486 2939 applicari3
3523 2863 3685 2941 quod
3732 2863 3784 2923 si
3829 2864 4017 2927 Prae-

2478 2950 2709 3012 bendae
2750 2950 2956 3032 inopes
2987 2961 3215 3025 essent,
3245 2954 3531 3017 Canonici
3558 2956 3636 3018 ad
3658 2956 3718 3017 S.
3755 2958 4019 3040 Congre-

2478 3044 2779 3126 gationem
2804 3045 3233 3126 postulationes
3262 3067 3400 3110 suas
3424 3058 3862 3130 converterent.
3898 3052 4018 3134 Igi-

2481 3146 2579 3201 tur
2605 3160 2740 3200 cum
2763 3141 2891 3222 jam
2922 3140 3235 3204 Secretarii
3272 3163 3522 3205 munere
3552 3143 3841 3219 defuncti,
3865 3147 4022 3209 etad

2477 3232 2929 3316 Cardinalatum
2978 3235 3295 3295 fuissemus
3337 3237 3558 3311 evecti,
3601 3239 3898 3320 supplices
3943 3240 4021 3302 li-

2479 3325 2669 3387 bellos
2693 3328 2771 3389 ad
2794 3330 2850 3385 S.
2890 3332 3415 3404 1ζιιιιιξιϊμέιίίιιιιιηιι
3453 3330 3763 3406 miserunt,
3788 3353 4024 3395 eorum-

2481 3440 2601 3501 que
2621 3440 2796 3484 causa
2828 3424 3120 3501 proposita
3143 3471 3155 3494 ,
3191 3436 3247 3483 vt
3279 3426 3767 3503 praecedentibus
3786 3427 3847 3487 S.
3863 3428 4021 3490 Con-

2480 3516 2840 3597 gregalionis
2876 3519 3356 3577 lit-solutionibus
3399 3540 3468 3581 va
3491 3518 3566 3596 tle
3592 3540 3782 3600 repet·
3814 3520 4021 3582 Secro'·

2482 3608 2707 3687 tarium
2744 3613 3027 3688 expositis
3063 3613 3368 3691 respondit
3389 3615 3451 3672 S.
3491 3613 3893 3692 Congregatio
3923 3614 4025 3674 (lie

2483 3706 2582 3761 22.
2617 3698 2762 3762 ,tulii
2788 3703 3054 3784 ejusdem
3082 3705 3252 3778 anni,
3283 3704 3608 3768 Canonicns
3640 3710 3855 3766 debere
3885 3710 4019 3786 qui-

2484 3796 2618 3857 dem
2636 3796 3458 3880 Benefactoribusgeneratim
3487 3802 3726 3863 Missam
3758 3804 4025 3862 Conven-

2441 3890 2444 3894 ’
2486 3889 2711 3956 tualem
2722 3890 3054 3970 applicare,
3076 3892 3177 3953 sed
3195 3913 3361 3972 posse
3376 3894 3452 3956 iis
3472 3896 3734 3975 permitti
3783 3906 4025 3975 propter

2487 3983 2972 4045 Praebendarum
2996 3986 3377 4060 tenuitatem,
3408 3996 3622 4050 uteam
3654 3991 4025 4069 applicarent

2487 4076 2684 4138 solum
2718 4077 2931 4139 diebus
2961 4078 3123 4139 festis
3143 4100 3219 4141 ex
3243 4091 3555 4161 praecepto
3575 4129 3588 4141 .

2612 4177 2670 4231 6.
2706 4172 3004 4245 Ceterum,
3027 4175 3102 4236 ad
3133 4174 3554 4256 ambiguitates
3574 4199 3781 4249 onmes
3799 4187 3861 4238 et
3877 4179 4030 4239 effu-

845 4270 1023 4332 ratim
1048 4314 1064 4329 .
1113 4271 1447 4332 Cardinalis
1475 4272 1769 4336 Tanarius
1812 4273 1871 4332 S.
1923 4271 2170 4352 Collegii
2201 4272 2383 4332 Deca-
2491 4265 2587 4345 gia
2611 4263 2902 4339 tollenda,
2941 4267 3143 4330 literas
3192 4270 3557 4349 Apostolicfls
3578 4271 3850 4333 dedimus
3869 4272 3945 4333 de
3964 4293 4031 4335 ro

845 4373 961 4426 nus
987 4372 1048 4424 et
1089 4364 1414 4444 Episcopus
1435 4365 1780 4426 Veliternus
1806 4364 1868 4425 in
1904 4364 2139 4445 Oppido
2195 4364 2380 4436 Core,
2434 4372 2442 4449 Ι
2493 4356 2606 4419 hac
2626 4360 2740 4419 sub
2771 4360 2869 4420 die
2896 4364 2988 4420 19.
3020 4362 3272 4442 Augusti
3299 4366 3470 4424 1744.
3502 4383 3654 4444 quas
3680 4364 3941 4451 integras
3966 4366 4031 4428 in

847 4477 985 4533 cum
1014 4457 1339 4518 Dioecesim
1382 4458 1682 4531 visitaret,
1710 4458 2040 4520 Canonicos
2085 4459 2214 4539 ejus
2248 4456 2385 4518 Col·
2495 4453 2925 4532 appendicibus
2953 4454 3135 4536 hujus
3155 4456 3354 4535 operis
3380 4456 3728 4530 inseremus»
3754 4459 4033 4539 quamvis

841 4551 1113 4630 legistae,
1158 4569 1308 4630 quos
1333 4571 1452 4612 non
1478 4552 1778 4633 applicare
1805 4551 2094 4632 comperit
2121 4551 2390 4631 quotidie
2494 4545 2661 4607 aliud
2691 4547 2977 4627 quiddam
3010 4558 3318 4629 praeterea
3344 4551 3711 4625 contineant,
3743 4553 3909 4633 quod
3940 4553 4032 4635 ip-

849 4639 1099 4723 Missam¹
1119 4645 1583 4708 Conventualem
1623 4667 1733 4728 pro
1778 4645 2265 4708 Benefactoribus
2291 4664 2386 4726 ge-
2494 4659 2629 4701 sum
2663 4648 2858 4727 tamen
2887 4661 3007 4703 non
3033 4642 3247 4704 inutile
3270 4643 3398 4705 fore
3426 4664 3756 4725 speramus.

850 4739 1107 4800 neratim
1127 4785 1142 4811 ,
1175 4741 1421 4819 Depreto
1469 4760 1578 4802 suo
1607 4741 1909 4822 applicare
1949 4739 2175 4822 coegit.
2235 4738 2389 4800 Con-.-
2487 4748 2492 4758 “

852 4832 1139 4913 fugerunt
1160 4834 1440 4895 Canonici
1471 4835 1550 4896 ad
1571 4836 1631 4895 S.
1664 4834 2195 4917 Congregationem
2211 4878 2227 4906 ,
2253 4850 2392 4897 con-

855 4926 1183 4999 tendentes,
1231 4947 1353 4989 non
1395 4921 1588 4989 teneri
1613 4949 1676 4990 se
1699 4929 1773 4990 ad
1803 4925 2152 5010 hujusmodi
2191 4925 2391 5007 appli-

847 5020 1141 5082 cationem
1164 5066 1180 5094 ,
1229 5022 1450 5083 factum
1494 5023 1555 5083 id
1581 5021 1901 5103 nunquam‘
1939 5022 2149 5083 fuisse:
2187 5014 2394 5100 inopes
2499 5016 2582 5078 Do
2609 5019 2942 5097 obliyationo
2977 5021 3305 5100 applicandi
3350 5039 3425 5082 ex
3447 5020 3738 5103 Beneficio
3760 5066 3779 5096 ,
3831 5024 3918 5083 ml
3962 5042 4038 5083 ea:

856 5133 982 5176 esse
1024 5115 1424 5177 >Canonicatus'
1465 5117 1569 5177 vix
1626 5116 1940 5179 Canonicis
1989 5113 2392 5177 sustentandis
2571 5125 2863 5194 praecepto
2885 5114 3231 5196 Superioris,
3255 5116 3664 5196 veleaeacccpta
3676 5117 4033 5197 eleemosyna.

857 5226 1050 5287 pares.
1077 5208 1329 5272 Causam
1351 5209 1415 5269 in
1427 5210 1487 5269 S.
1511 5211 1983 5292 Congregatione
2001 5210 2099 5271 die
2122 5201 2213 5270 14.
2236 5210 2395 5269 Mar·
3288 5285 3292 5290 .
3888 5213 3894 5222 ‘

863 5299 927 5360 tii
953 5317 1096 5359 ann.
1133 5305 1304 5361 1722.
1336 5302 1651 5362 retulimus
1669 5349 1685 5375 ,
1720 5303 2071 5384 etexempla
2097 5303 2395 5383 quaedam
2508 5302 2562 5357 1.
2593 5247 2935 5364 Hactenus
2956 5299 3029 5362 de
3055 5300 3421 5382 obligatione
3447 5298 3913 5382 loquuti-sumus
3942 5320 4044 5382 ap-

858 5392 1223 5459 >adduximus
1251 5395 1509 5459 alian-um
1536 5397 1996 5480 Collegiatarum
2022 5443 2040 5472 ,
2081 5396 2412 5586 :w
2505 5393 2781 5489 plicandi,
2816 5394 3059 5459 Missam
3086 5417 3161 5459 ex
3197 5395 3325 5475 ipso
3356 5413 3638 5469 munere;
3660 5453 3665 5460 .
3689 5415 3854 5458 nunc
3903 5414 4046 5459 vero

3070 4831 3328 4893 CAPUT.
3368 4833 3480 4894 [x.

4046 1471 4209 1540 Regula
4257 1479 4352 1515 aa·

4048 1530 4201 1585 tuitur,
4218 1544 4355 1588 qm

4046 1601 4165 1645 sequi
4122 1590 4352 1630 tu'ursae.

4049 1642 4336 1747 θωόἳῑῑῑῦ

4070 4195 4361 4351 ²2}

4245 4310 4361 4410 si

4072 4368 4240 4469 ἑξ.
