4487 6316
1013 477 1123 530 29⁸
1846 480 1928 532 Db*
1969 479 2452 544 SACROSANCTO
2493 477 2708 534 MBSAE
2746 481 3125 536 sitem-'leto

831 622 992 683 intra
1022 601 1337 684 paroeciae
1373 622 1667 683 ambitum
1702 616 2085 685 existentium
2128 623 2376 688 excitari
2487 643 2611 703 quo
2639 623 2870 704 majora
2913 623 3064 685 mibi
3098 624 3175 688 ad
3200 624 3364 689 hanc
3405 644 3530 686 rem
3574 646 3678 706 per
3721 626 3830 690 hos
3860 631 4036 691 Com-

824 715 1158 778 consuetas:
1187 716 1290 778 sed
1317 716 1381 778 in
1414 717 1625 778 iisdem
1650 718 1903 779 decretis
1927 711 2205 799 expresse
2230 739 2375 781 cau-
2484 717 2809 779 mentarios
2837 724 2971 778 tuos
2999 718 3345 810 adjumenta
3374 729 3774 804 praestantur.
3810 722 4031 787 Faxiut

825 818 953 872 tum
977 817 1065 871 est
1081 829 1153 873 ea
1180 811 1377 872 locum
1406 819 1525 872 non
1546 811 1791 883 habere,
1814 812 1920 872 ubi
1943 810 2110 873 aliud
2132 813 2404 893 abEpia
2482 810 2726 890 propitii
2753 810 2992 891 Superi,
3018 797 3090 875 ut
3105 812 3288 894 hujus
3314 812 3541 878 laboris
3565 813 3649 874 tui
3671 817 4032 896 magnitudi-

817 922 997 984 scopo
1023 903 1090 964 in
1115 905 1239 966 suis
1257 904 1661 988 Synodalibus
1682 905 2223 966 Constitutionibus
2249 914 2372 976 sta·
2481 904 2541 965 ni
2567 913 2627 968 et
2647 924 2790 985 pra-e
2792 905 2877 976 tio
2905 925 3013 986 par
3044 906 3276 969 fructus
3286 908 3685 988 respondeam
3706 928 3892 988 quem
3915 932 3979 972 e·
3959 932 4028 988 o

821 1005 1020 1060 tutum
1046 997 1251 1073 fuerit,
1283 999 1445 1080 quod
1463 1018 1500 1062 a
1528 998 1714 1060 Nobis
1740 999 1968 1078 pariter
1996 998 2245 1061 uberius
2265 1020 2365 1061 ex·
2484 991 2773 1071 uberem,
2807 999 3322 1105 quemadmodum
3362 1013 3579 1080 spero,
3620 1002 3763 1062 dum
3809 1004 4029 1090 passim

813 1089 1108 1172 plicatum
1132 1100 1222 1154 est
1252 1091 1443 1152 Instit.
1484 1098 1618 1153 105.
1670 1121 1675 1128 ·
2480 1089 2791 1172 colligam,
2837 1104 3072 1180 mecum
3099 1092 3225 1176 ipse
3251 1092 3634 1173 recogitabo,
3667 1093 3848 1173 quale
3868 1094 4030 1157 illud

1966 1259 1969 1266 .
2478 1191 2540 1244 et
2580 1192 2877 1263 quantum
2902 1185 3019 1260 sit,
3065 1187 3228 1266 quod
3270 1206 3381 1268 ego
3417 1187 3694 1257 debeam
3711 1188 4024 1251 Sanctitati

1215 1268 1704 1343 APPENDIX
1754 1268 1965 1365 xm.

2479 1285 2617 1339 tuae
2637 1322 2655 1351 ,
2684 1296 2841 1358 quae
2870 1300 3007 1342 cum
3037 1283 3133 1342 ine
3166 1281 3234 1344 in
3265 1281 3528 1343 maxima
3557 1282 3849 1363 dignitate
3874 1329 3890 1357 ,
3921 1285 4052 1368 sed

1046 1462 1438 1549 EPISTOLAJ
1472 1454 2072 1526 NUNCUPATORIA
2102 1509 2119 1534 ,

2473 1388 2758 1431 curarum
2788 1372 3131 1451 plenissima
3174 1373 3556 1449 collocasset,
3589 1375 3745 1440 mino
3770 1377 4025 1443 musitio

2471 1463 2884 1546 sapientiaque
2910 1467 3213 1545 providit,
3245 1477 3314 1529 ut
3332 1487 3400 1532 ea
3420 1513 3437 1542 ,
3470 1488 3627 1548 quae
3644 1471 4024 1555 pertinerent

2471 1557 2547 1646 ad
2577 1575 2785 1621 euram
2811 1604 2828 1633 ,
2881 1560 3297 1624 minuerentur
3338 1562 3531 1637 mihi,
3581 1563 4020 1644 ampliarentur

2469 1661 2672 1718 autem
2696 1699 2713 1727 ,
2760 1673 2918 1735 quae
2961 1653 3039 1717 ad
3076 1654 3431 1737 dignitatem
3468 1665 3823 1737 spectarent.
3856 1659 4019 1733 Quid

2469 1746 2631 1832 enim
2650 1748 3045 1822 dissimulem,
3065 1757 3126 1811 et
3147 1758 3269 1811 tam
3289 1759 3690 1831 opportunam
3705 1752 3859 1832 grati
3881 1753 4016 1814 ani-

2469 1840 2549 1900 mi
2585 1841 2796 1921 palam·
2829 1841 3087 1904 testandi
3125 1843 3496 1920 occasionem
3534 1853 3742 1906 nactus
3773 1845 4015 1924 publica

2463 1933 2869 2012 predicatione
2910 1955 3032 1998 non
3076 1934 3372 1998 celebrem
3406 1936 3699 2020 insignem
3727 1937 3911 1999 illam
3949 1948 4014 2001 et

2464 2043 2651 2107 prope
2669 2027 3084 2104 incredibilem
3111 2028 3541 2091 beneficiorum
3561 2029 3696 2108 vim·
3709 2038 3892 2111 atque
3907 2051 4009 2095 co·

2461 2119 2622 2199 piam
2648 2166 2666 2195 ,
2696 2139 2880 2201 qnam
2907 2120 3232 2204 singularis
3257 2120 3593 2185 liberalitas
3623 2131 3726 2185 tua
3749 2123 4009 2187 admira-

2459 2213 2572 2275 bili
2597 2205 2895 2295 exemplo,
2924 2224 2985 2278 et
3010 2223 3387 2296 posterorum
3413 2211 3688 2290 omnium
3717 2218 4005 2281 memoria

2456 2307 2828 2390 dignissimo,
2853 2310 2918 2371 in
2939 2309 3294 2373 Cathedrale
3312 2310 3645 2393 Collegium
3671 2332 3871 2375 meum
3896 2332 4005 2376 uu-

2456 2422 2565 2482 per
2589 2402 2801 2465 effudit
2817 2406 2846 2465 'l
2877 2404 3111 2466 Auxisti
3136 2449 3153 2477 ,
3187 2404 3533 2467 Beatissime
3559 2406 3734 2468 Pater
3758 2452 3775 2480 ,
3807 2427 4004 2469 meam

2456 2495 2822 2578 Dignitatem
2846 2541 2864 2571 ,
2892 2500 3030 2559 cu'm
3072 2497 3245 2559 illum
3285 2497 3662 2578 praeclarum,
3704 2500 3949 2563 (loetum
3977 2547 3996 2574 ,

2453 2600 2684 2670 partem
2732 2590 3029 2660 Ecclesiae
3068 2611 3236 2655 meae
3276 2592 3453 2655 facile
3500 2593 3871 2674 principem,
3912 2595 3998 2659 ita

2387 2699 2388 2702 ’
2450 2685 2711 2758 ornasti,
2742 2694 2810 2747 nt
2842 2683 3106 2752 volueris
3147 2687 3288 2748 e'nm
3326 2686 3787 2750 clementissimo
3816 2689 3995 2752 Brevi

2449 2778 2526 2838 ad
2556 2797 2651 2839 me
2677 2778 2816 2840 dato
2846 2777 3233 2841 illustribus
3208 2799 3337 2861 Jam
3366 2787 3427 2841 et
3450 2780 3719 2860 antiquis
3744 2781 3993 2861 priyile-

2447 2870 2581 2952 giis
2587 2871 2916 2954 insignem,
2945 2872 3270 2935 omnibus
3254 2892 3500 2953 insuper
3525 2867 3904 2935 honoribus
3887 2876 3985 2949 tis,

2443 2964 2667 3045 quibus
2711 2966 2976 3046 Apostoli
2982 2986 3086 3030 cae
3128 2966 3297 3028 Sedis
3341 2967 3572 3029 Notarii
3613 2968 3689 3029 de
3732 2989 3987 3032 numero

2441 3058 2938 3140 Participantium
2964 3059 3275 3133 fruuntur,
3297 3068 3378 3121 ‚et
3369 3059 3660 3145 inaudita
3687 3061 3987 3165 planeque

782 3102 1014 3231 Ecce,
1049 3156 1393 3228 Beatissime
1421 3158 1598 3220 Pater
1628 3156 1935 3240 egregium
1973 3176 2123 3239 opus
2156 3166 2328 3221 tuum
2438 3154 3078 3238 gratuitaliberalitate
3092 3155 3422 3237 majoribus
3441 3133 3887 3237 pluribusque
3857 3178 3985 3219 mu·

779 3253 865 3314 Do
885 3252 960 3314 D.
1000 3253 1082 3316 Ν.
1112 3252 1260 3314 Jesw
1284 3251 1505 3315 Christi
1532 3252 1859 3331 Matr-isque
1887 3254 2004 3331 ejus
2033 3252 2254 3324 Fatis,
2277 3265 2330 3323 ot
2436 3248 2684 3311 neribus
2708 3248 3046 3335 cumulari,
3095 3268 3280 3329 quam
3309 3256 3415 3309 aut
3438 3267 3548 3329 ego
3592 3257 3833 3329 petere,
3876 3262 3983 3316 aut

780 3349 848 3410 de
872 3347 1087 3411 Missae
1115 3346 1455 3429 Sacrificio,
1491 3366 1526 3408 e
1550 3346 1872 3409 Seminarii
1905 3346 2175 3409 Patavini
2204 3348 2327 3429 Ty·
2438 3340 2542 3405 ille
2565 3328 2774 3422 optare
2798 3361 2979 3403 ausus
3017 3350 3187 3403 esset.
3221 3341 3334 3403 uis
3357 3361 3468 3424 ego
3498 3349 3583 3403 tot
3612 3352 3858 3423 tamque
3884 3340 3980 3406 in-

775 3439 1108 3524 pograpbia
1128 3440 1594 3504 studiosissimae
1621 3440 1698 3503 ad
1723 3444 1807 3503 Te
1826 3439 2091 3503 delatum
2117 3442 2325 3503 eadem
2410 3436 2711 3517 gentibus
2742 3426 3045 3498 beneficiis
3070 3436 3391 3498 obstrictus
3424 3438 3660 3498 tandem
3687 3444 3823 3499 cum
3852 3440 3978 3501 soe-

775 3555 1001 3611 manu,
1050 3556 1207 3618 quae
1247 3536 1401 3598 illud
1448 3535 1727 3598 alterum
1750 3535 1833 3596 Do
1879 3526 2184 3597 Servon-uin
2213 3537 2324 3598 Dei
2430 3548 2579 3591 nore
2600 3528 2846 3609 aliquo,
2882 3528 3230 3593 Beatissimo
3256 3529 3472 3603 Pater,
3503 3529 3717 3591 accedo
3745 3531 3820 3592 ad
3849 3532 3972 3607 Te;

772 3628 1221 3739 Beatipicalione,
1250 3643 1299 3692 οι
1320 3631 1629 3692 Beatorum
1650 3628 2096 3692 canonizatione
2112 3631 2320 3692 iisdem
2426 3624 2531 3685 seii
2554 3639 2771 3705 magna
2795 3642 2940 3684 sane
2963 3642 3101 3684 cum
3128 3623 3520 3696 verecundia,
3552 3624 3712 3703 quod
3742 3644 3818 3687 ne
3842 3646 3975 3708 gra-

770 3723 934 3806 typis
957 3723 1314 3805 impressum
1331 3723 1496 3785 h'aud
1524 3723 1607 3785 ita
1629 3723 1860 3803 pridem
1879 3723 2177 3786 exhibuit.
2205 3725 2320 3786 Ve·
2429 3726 2524 3779 lus
2547 3716 2791 3798 qmdem
2818 3715 2956 3778 Tibi
2982 3736 3108 3779 esse
3137 3736 3429 3798 possum,
3451 3717 3567 3778 nisi
3596 3719 3671 3780 de
3696 3727 3820 3780 tuo.
3855 3724 3969 3782 Ac-

768 3817 876 3879 nio
906 3816 1092 3900 igitur
1122 3837 1331 3879 rursus
1373 3817 1450 3879 ad
1481 3818 1605 3891 Te,
1635 3825 1696 3878 et
1723 3836 1794 3879 eo
1827 3838 1970 3881 sane
2008 3818 2308 3894 alacrior,
2424 3809 2731 3892 cipehoc'
2712 3828 2912 3891 ipsum
2939 3818 3138 3875 tamen
3158 3809 3371 3878 libenti
3395 3810 3620 3886 animo,
3646 3812 3769 3874 imo
3794 3834 3866 3876 eo
3893 3814 3970 3876 li·

768 3910 916 3992 qnia
940 3932 1077 3974 cum
1108 3904 1439 3974 Volumine
1465 3911 1709 3973 demum
1750 3912 1966 3986 venio,
1998 3933 2121 3976 non
2150 3865 2313 3994 quod
2423 3905 2664 3968 bomin-‘³
2689 3944 2706 3979 ι
2735 3905 2882 3986 qui&
2919 3914 3133 3966 mum·
3116 3949 3133 3979 ‚
3158 3912 3227 3967 et
3254 3906 3333 3967 ab
3359 3900 3473 3967 hoc
3498 3906 3740 3967 demum
3764 3908 3967 3972 oculos

2419 4000 2499 4062 ad
2524 4019 2621 4062 me
2659 4000 2854 4080 ipsum
2902 3999 3161 4082 benigne
3203 4008 3555 4073 convertens
3579 4046 3597 4075 ,
3627 4002 3965 4085 Apostolica

2418 4093 2831 4160 benedictione
2846 4108 2979 4157 eam
3002 4093 3152 4155 mibi
3175 4092 3433 4155 mentem
3453 4093 3702 4175 inspira,
3722 4094 3789 4156 ut
3805 4116 3965 4176 quae

1004 1651 1104 1714 ET
1143 1648 1557 1713 PRAEFATIO
1600 1651 1707 1713 ΑΒ
1745 1616 2164 1714 mesonca

841 1841 935 1903 Ex
967 1839 1245 1903 Editione
1266 1839 1559 1915 Patavina
1580 1885 1599 1912 ‚
1631 1856 1755 1921 qua
1780 1838 1961 1902 unico
1987 1838 2315 1901 Volumine

950 1969 965 1980 «
1252 1996 1259 2004 ,
1385 1933 1773 2023 exhibentur.

803 2119 1213 2202 Commentarii
1235 2121 1346 2183 duo
1367 2124 1433 2186 do
1461 2121 1540 2184 D.
1574 2121 1654 2185 Ν.
1685 2121 1822 2185 Iesu
1857 2121 2077 2184 Christi
2101 2120 2350 2184 Hatris-

877 2236 983 2295 que
1003 2216 1120 2293 ejus
1146 2214 1322 2277 Fastis
1349 2264 1366 2287 ,
1397 2226 1449 2304 qt
1470 2217 1536 2277 de
1563 2215 1776 2280 Missae
1802 2214 2122 2297 sacrificia,
2152 2227 2345 2277 retra-

874 2311 1019 2371 ctati
1039 2320 1207 2390 atquo
1238 2313 1417 2372 auctis

913 2499 976 2559 s,
1014 2497 1668 2609 n.N.BnNEn1cTo
1710 2498 1878 2560 xw.
1912 2497 1979 2558 P.
2026 2496 2103 2559 o.
2138 2497 2222 2558 ιι.

990 2681 1338 2748 CAROLUS
1385 2686 1611 2750 CARI).
1667 2686 2144 2749 REZZONICUS

1119 2780 1534 2860 Episcopus
1566 2781 2004 2843 PATAVINUS

1268 2926 1641 3032 mmmm
1651 2969 1851 3032 rau.

768 4006 1114 4088 acceperim
1122 4025 1160 4069 a
1188 4005 1629 4088 Typographo,
1665 4013 1736 4068 ut
1760 4005 1920 4068 ιιιιιιι
1943 4016 2140 4082 antea,
2164 4007 2313 4070 alie—

766 4116 849 4168 na
871 4120 1019 4164 eura
1055 4098 1404 4163 inchoatum
1446 4097 1954 4180 absolutumque3
1999 4101 2102 4162 sed
2145 4101 2309 4181 qnod

762 4178 990 4274 accepit
1016 4194 1452 4300 Typographus
1478 4210 1516 4254 a
1544 4211 1638 4253 me
1663 4192 1815 4273 ipso,
1845 4201 1906 4254 et
1937 4204 2035 4254 me
2060 4202 2308 4255 curante
2416 4186 2733 4268 diligenter
2761 4187 2918 4270 typis
2955 4187 3357 4268 imprimenda
3397 4188 3647 4262 curavi,
3693 4207 3765 4251 ea
3807 4190 3958 4253 mibi

763 4285 1070 4349 inchoavit
1087 4285 1312 4391 pariter
1328 4293 1389 4361 et
1412 4283 1690 4358 absolvit.
1715 4287 1933 4347 Totum
1960 4306 2141 4367 porro
2162 4287 2308 4349 San·
2415 4281 2477 4343 in
2505 4281 2712 4351 animo
2736 4281 2814 4344 ad
2847 4296 3041 4344 meam
3071 4290 3131 4344 et
3157 4301 3444 4347 meorum
3468 4280 3793 4351 utilitatem
3817 4283 3957 4401 dili·

758 4379 948 4444 etitati
980 4389 1118 4465 tuae
1143 4384 1280 4440 no'n
1298 4379 1569 4441 restituo
1593 4424 1611 4453 ,
1653 4380 1757 4442 sed
1803 4380 2092 4461 optimam
2124 4382 2308 4464 hujus
2410 4378 2648 4460 genum
2668 4377 2958 4458 impressa
2977 4375 3389 4440 inveniantur.

750 4482 984 4557 partem
1013 4473 1030 4556 (
1050 4486 1161 4535 nec
1185 4472 1339 4535 feres
1364 4471 1577 4553 iniquo
1601 4474 1834 4556 animo)
1859 4474 2089 4536 re.ineo
2117 4474 2292 4548 mibi,

752 4568 1018 4651 amplam
1038 4566 1261 4644 scilicet
1277 4566 1704 4648 supellectilem
1725 4588 1928 4632 sacrae
1944 4566 2303 4637 eruditionis
2749 4604 2760 4624 .

752 4675 938 4744 atque
977 4660 1328 4735 doctrinae,
1374 4680 1559 4770 quam
1608 4679 1718 4744 pro
1745 4663 1918 4726 varia
1960 4671 2299 4743 temporum
2671 4659 3085 4725 PRAEFATIO
3110 4659 3218 4723 AD
3244 4654 3684 4724 LECTOREM.

748 4755 1096 4820 necessitate
1119 4753 1186 4815 in
1231 4754 1348 4817 mei
1378 4756 1577 4840 gregis
1607 4756 1928 4820 utilitatem
1962 4756 2292 4818 traducam.
2335 4792 2341 4801 ·
3598 4798 3605 4805 -

748 4850 1084 4932 Spargant,
1113 4848 1462 4919 Beatissime
1490 4851 1708 4925 Pater,
1738 4830 1944 4914 lumen
1969 4850 2297 4930 sapientiae
2820 4898 2824 4903 -
2988 4898 2992 4903 -
3509 4878 3518 4892 ’
3697 4896 3701 4900 -
3865 4924 3870 4927 .

751 4954 921 5018 tuae,
957 4950 1018 5005 et
1024 4960 1163 5023 qua
1182 4941 1432 5022 privatis
1452 4944 1992 5035 admonitionibus,
2028 4963 2153 5026 qua
2180 4964 2294 5026 pu·
2402 4889 2670 5019 ,Pu-odiit
2686 4940 3086 5023 quadriennio
3103 4949 3245 5005 ante
3266 4940 3743 5021 Bononiensibus
3763 4945 3950 5027 Typis

748 5038 924 5102 blicis
962 5034 1371 5099 Pastoralibus
1411 5036 1627 5101 litteris
1664 5048 1725 5101 et
1749 5038 1999 5102 decretis
2040 5039 2293 5102 Divina·
2400 5034 2514 5097 hoc
2538 5034 2707 5117 Opus
2731 5035 2937 5099 Italice
2959 5035 3249 5117 scriptum
3269 5076 3296 5109 ,·
3335 5037 3508 5119 cujus
3531 5037 3945 5101 conscribendi

747 5140 888 5195 rum
905 5149 1116 5194 rerum
1137 5127 1366 5195 mutum
1392 5114 1453 5192 et
1478 5128 1897 5217 retierentiam,
1922 5124 2121 5194 sacros
2139 5131 2293 5195 ritus
2402 5127 2671 5192 laborem
2700 5131 2966 5203 Auctor,
2997 5129 3105 5211 qui
3135 5138 3278 5193 tunc
3301 5130 3363 5192 S·
3396 5132 3469 5193 R·
3502 5131 3574 5192 E·
3593 5130 3946 5201 Ctu‘dimlis

644 5259 655 5265 -
743 5236 805 5290 et
827 5222 1230 5299 ceremonias,
1260 5222 1525 5304 priscum·
1541 5208 1837 5290 Ecclesiae
1866 5224 2094 5289 morem
2118 5234 2179 5288 et
2194 5224 2292 5288 -di-
2399 5222 2837 5291 Bononiensem
2880 5224 3125 5305 regebat
3169 5223 3540 5299 Ecclesiam,
3589 5245 3661 5288 ea
3709 5225 3947 5306 potissi-

743 5305 1106 5402 sciplinam,
1149 5316 1417 5380 studium
1447 5317 1708 5401 deniqne
1748 5340 1955 5383 verae
1964 5318 2203 5407 pietatis
2229 5329 2292 5381 et
2400 5335 2570 5379 mum
2597 5335 2775 5380 cama
2801 5316 3079 5398 suscepit,
3107 5317 3272 5398 quod
3298 5317 3468 5384 forte
3485 5338 3591 5403 per
3618 5318 3680 5381 id
3711 5330 3943 5400 tempus

745 5412 1054 5495 religionis
1078 5431 1150 5475 eo
1189 5403 1621 5476 vehementius
1640 5414 1939 5478 inculcare
1975 5414 2282 5487 conabor,
2401 5411 2608 5473 nullus
2629 5419 2780 5523 αισι
2808 5411 2872 5473 ιιι
2898 5410 3005 5475 illa
3027 5408 3499 5494 Metropolitana
3541 5413 3943 5483 EcclesiaCa·
