4487 6316
1024 524 1125 573 too

1704 523 1792 579 DE
1814 521 2297 582 SACROSANCTO
2332 515 2546 582 UISSAE
2569 521 2959 578 .SAOE1FIOEO

839 667 949 726 stia
973 686 1127 747 pura
1153 666 1231 729 ad
1257 665 1629 747 differentiam
1655 670 2063 751 sacrificiorum
2086 672 2336 752 yentium
2361 717 2377 738 ,
2429 670 2438 716 Ι
2488 687 2600 747 pus
2641 665 2929 731 Divinum
2957 712 2972 739 ,
3014 664 3118 727 sed
3164 665 3239 726 ad
3282 680 3383 724 eos
3419 660 3631 729 referri
3661 708 3678 735 ‚
3726 660 3834 741 qui
3878 658 4034 720 illud

839 780 982 839 quae
1014 763 1241 840 impura
1266 773 1426 854 erant
1453 774 1503 824 et
1531 773 1797 843 corrupta
1820 782 1840 822 .·
1871 761 2089 824 Sancta
2115 811 2132 834 ‚
2163 764 2240 824 atl
2266 763 2380 841 dis-

838 856 1135 934 [erentiam
1165 857 1510 917 oblationum
1538 861 1733 917 veteris
1760 856 1923 936 Leqis
1948 905 1962 927 ‚
1993 878 2135 936 quae
2166 878 2282 917 non
2322 878 2380 916 e-

758 963 761 968 “
836 961 974 1012 rant
999 960 1222 1014 eatenus
1254 963 1511 1023 sanctae,
1543 963 1608 1013 ut
1653 954 1905 1013 animam
1941 952 2378 1033 sanctificarent,

2487 761 2783 840 sumpturi
2816 768 2998 834 sunt,
3028 767 3097 821 ut
3129 758 3283 820 illud
3312 759 3493 840 digne
3524 756 3888 838 suscipiant3
3925 763 4032 828 aut

2479 854 2533 926 §l
2561 854 2805 934 quidem
2840 856 3069 935 Corpus
3097 854 3315 916 Christi
3351 852 3674 932 respiciant
3700 898 3716 924 ‚
3748 851 3834 914 ita
3859 850 4032 912 adil·

2471 948 2594 1010 lud
2616 950 2827 1012 referri
2845 997 2861 1023 ,
2892 959 2970 1020 ut
2982 949 3428 1014 Benedictionae
3447 947 3792 1027 exprimant
3809 956 3868 1008 et
3885 965 4028 1028 gra-

837 1045 1008 1108 sieuti
1030 1044 1164 1108 haee
1188 1054 1381 1106 nostra
1404 1093 1420 1116 ,
1466 1065 1609 1124 quae
1641 1046 1791 1104 tollit
1822 1054 2052 1124 peccata
2092 1045 2294 1103 mundi
2332 1054 2382 1103 et
2487 1043 2600 1105 tias
2624 1090 2640 1117 ,
2670 1044 2892 1125 quihus
2917 1044 3186 1106 abundat
3211 1043 3439 1123 Corpus
3464 1038 3685 1104 Christi
3711 1087 3727 1114 ,
3758 1059 4030 1120 quasque

818 1138 958 1214 ideo
983 1138 1245 1198 subditur
1270 1186 1288 1208 ‚
1320 1140 1746 1200 immaculatam
1773 1186 1789 1209 ,
1829 1140 1895 1198 ob
1936 1139 1999 1197 id
2041 1139 2189 1197 enim
2232 1140 2381 1217 quod

839 1229 1101 1308 Christus
1130 1230 1327 1310 Aqnus
1352 1232 1468 1310 suit
1493 1235 1753 1302 innocens
1778 1280 1794 1303 ‚
1830 1234 1934 1311 qui
1954 1242 2241 1312 peceatum
2269 1252 2384 1292 non

837 1325 999 1403 fecit,
1031 1326 1178 1384 tollit
1203 1335 1427 1404 peccata
1453 1327 1683 1396 mundi,
1712 1328 1860 1405 quod
1887 1336 1962 1386 est
1990 1327 2233 1390 honunes
2254 1346 2383 1388 san-

836 1420 1099 1500 ctificare.
1132 1417 1242 1496 Est
1265 1438 1393 1497 erqo
1422 1418 1629 1480 Hostia
1646 1439 1798 1499 pura
1819 1431 1870 1480 et
1890 1420 2225 1501 purificans,
2254 1440 2383 1481 san-

840 1522 933 1572 eta
958 1521 1008 1571 et
1040 1512 1394 1592 sanctificans
1424 1559 1439 1581 ,
1493 1513 1861 1572 immaculata
1889 1522 1940 1571 et
1975 1514 2225 1584 maculas
2270 1524 2383 1573 ter-

834 1625 988 1686 qens.
1023 1603 1188 1679 Quod
1210 1625 1336 1665 tero
1358 1606 1577 1665 demum
1602 1607 1961 1684 adjunqitur:
1985 1605 2207 1680 ‘Panem
2236 1609 2384 1669 vitae

837 1709 1095 1763 aeternae
1121 1746 1138 1769 ,
1170 1709 1221 1758 et
1258 1691 1505 1759 Calicem
1533 1701 1734 1760 salutis
1760 1712 2057 1780 perpetuae
2080 1721 2103 1759 .·
2134 1702 2385 1783 definitio

839 1803 891 1854 et
917 1795 1222 1873 ampliz-atio
1250 1804 1324 1853 est
1353 1795 1591 1871 ejusdem
1621 1794 1883 1854 Hostiae:
1904 1805 1970 1864 ut
2001 1797 2150 1855 enim
2177 1791 2384 1856 Sacer-

837 1889 984 1950 dotes
1010 1889 1205 1948 veteris
1236 1887 1399 1967 Leqis
1424 1887 1831 1971 de'Sacrificiis
1861 1891 2088 1951 edebant
2117 1937 2133 1960 ‚
2151 1929 2159 1936 ·
2178 1890 2380 1967 quibus

834 1985 1013 2044 vitam
1035 1984 1386 2062 temporalem
1408 1984 1815 2053 sustentabant,
1839 1985 1919 2043 sie
1945 1982 2268 2044 Christiani
2287 2003 2382 2043 esu

836 2086 891 2138 et
922 2086 1063 2157 potu
1098 2078 1441 2137 sacrosancti
1485 2075 1776 2158 Sacrificii
1818 2079 2173 2157 spiritualem
2213 2087 2380 2156 atque

834 2172 971 2234 adeo
1002 2182 1287 2232 aeternam
1311 2171 1550 2231 salutem
1574 2172 1684 2230 sibi
1711 2181 2057 2251 comparant.

536 2287 757 2332 Δαιωιιω
779 2320 796 2345 ,
954 2271 1013 2328 a.
1046 2265 1363 2326 Actionum
1383 2310 1399 2337 ‚
1432 2283 1588 2346 quae
1615 2264 1678 2324 in
1707 2264 1820 2326 hac
1849 2264 2046 2344 prima
2074 2263 2381 2326 Orationis

503 2360 790 2445 ffl‘om‘ff
829 2367 1000 2440 parte
1020 2358 1210 2436 fiunt,
1244 2359 1539 2438 quaedam
1568 2358 1960 2439 particulares
1985 2367 2126 2419 sunt
2149 2405 2165 2431 ,
2197 2362 2380 2439 quae-

506 2473 559 2501 m
614 2460 790 2525 mint·-
832 2454 970 2515 dam
998 2452 1324 2535 generales.
1353 2454 1425 2514 ln
1451 2453 1813 2533 quibusdam
1842 2451 2076 2514 Galliae
2095 2453 2377 2530 Ecclesiis

503 2516 793 2632 mizi-2⁸25
825 2545 1061 2626 saeculo
1091 2547 1232 2608 XII.
1257 2548 1333 2608 ad
1360 2567 1432 2609 ea
1458 2548 1641 2622 verba
1658 2592 1674 2619 ,
1715 2547 1872 2607 Unde
1898 2558 1948 2607 et
1974 2568 2232 2608 memores
2253 2567 2382 2610 coe-

440 2641 445 2650 '
560 2629 768 2688 ⁸‘⁰“⁰¹‘⁸
828 2649 1049 2722 perunt
1072 2641 1414 2703 Sacerdotes
1440 2639 1689 2702 brachia
1714 2639 1951 2702 elevare
1971 2686 1987 2713 ,
2019 2649 2088 2703 ut
2115 2638 2375 2723 figuram

503 2686 787 2786 :taguma-⁸-
828 2736 1185 2797 exhiberent
1205 2735 1413 2798 Crucis
1430 2735 1492 2795 in
1520 2735 1871 2796 memoriam
1895 2735 2191 2797 Passionis
2209 2736 2382 2798 Chri-

504 2800 793 2901 ζωᾟᾷιιῖ
833 2831 907 2892 sti
934 2876 950 2902 ,
1004 2837 1187 2908 atque
1247 2828 1411 2890 hunc
1469 2848 1700 2891 morem
1742 2830 2073 2892 etiamnum
2117 2831 2380 2893 retinent

503 2913 575 3013 ξι,
594 2914 794 3013 Ἢαζ
835 2922 1250 2995 Carthusiani,
1280 2923 1656 2984 Dominicani
1678 2969 1696 2996 ,
1730 2922 2102 2992 Carmelitae.
2136 2924 2205 2992 Id
2236 2945 2382 2987 vero

505 3034 699 3070 ten-ntur
719 3041 796 3069 nn-
841 3017 1154 3099 (quicquid
1198 3036 1273 3077 ex
1306 3017 1556 3078 adverso
1589 3017 1842 3079 blateret
1869 3017 2089 3096 Vertus
2119 3025 2264 3079 tom.
2295 3024 2372 3082 ,3.

505 3091 704 3185 {23:2⁰⁸
721 3099 792 3127 ‘⁸‘
833 3131 971 3194 pag.
1005 3111 1176 3192 279.)
1205 3129 1516 3192 nunquam
1545 3111 1858 3191 usurpavit
1887 3113 2153 3175 Romana
2183 3111 2382 3175 Eccle-

835 3207 947 3281 sia,
978 3224 1133 3287 quac
1155 3206 1297 3267 satis
1315 3225 1441 3268 esse
1462 3206 1849 3279 existimavit,
1874 3207 1921 3268 si
1944 3206 2227 3269 Sacerdos
2255 3227 2383 3269 ma-

835 3320 953 3372 nus
985 3305 1182 3361 teneat
1203 3308 1342 3361 ante
1368 3307 1572 3379 pectus
1600 3320 1921 3380 expansas,
1954 3302 2061 3385 nec
2088 3320 2238 3380 opus
2258 3320 2385 3362 esse

837 3393 1076 3474 putavit
1095 3401 1163 3454 ut
1187 3412 1287 3454 eas
1312 3391 1484 3453 tollat
1510 3392 1572 3452 in
1599 3393 1854 3455 sormam
1882 3393 2087 3455 Crucis
2113 3394 2189 3455 ad
2215 3393 2386 3455 Chri-

833 3487 910 3549 sti
940 3486 1279 3549 Passionem
1295 3485 1792 3568 significandam:
1817 3488 2065 3569 quaein
2094 3488 2383 3553 Oratione

837 3582 1057 3644 diserte
1093 3590 1595 3643 commemoratur
1620 3627 1638 3656 ,
1681 3590 1751 3644 ut
1778 3582 2038 3645 advertit
2081 3584 2164 3644 Le
2212 3577 2381 3643 Brun

837 3685 985 3740 tom.
1021 3681 1074 3737 1.
1106 3692 1241 3758 pag.
1277 3680 1413 3737 497.
1442 3674 1762 3738 Generales
1783 3676 2045 3744 actiones
2068 3676 2210 3738 sunt
2230 3676 2382 3738 Cru-

837 3769 924 3848 cis
945 3771 1136 3852 sigua,
1161 3789 1420 3851 quorum
1446 3770 1562 3831 tria
1584 3770 1886 3833 ducuntur
1908 3789 2088 3852 super
2110 3771 2385 3851 Hostiam

837 3874 900 3929 et
929 3865 1186 3927 Calicem
1209 3912 1225 3939 ‚
1260 3886 1398 3927 cum
1424 3855 1712 3928 Sacerdos
1754 3867 1933 3929 dicit:
1971 3866 2234 3928 Hostiam
2270 3887 2384 3947 pu-

836 3980 1001 4031 ram,
1035 3958 1299 4023 Hostiam
1323 3970 1607 4032 sanctam,
1632 3961 1904 4022 ‘Hostiam
1930 3950 2384 4033 immaculatam,

838 4062 1125 4137 quartum
1148 4074 1327 4143 super
1350 4054 1625 4115 Hostiam
1651 4075 1786 4117 cum
1809 4055 1975 4117 dicit:
2007 4055 2225 4118 Panem
2252 4076 2387 4118 san-

839 4161 1017 4220 etum:
1047 4149 1328 4229 quintum
1349 4148 1610 4227 denique
1630 4168 1808 4229 super
1824 4149 2107 4225 Calicem,
2138 4169 2275 4211 cum
2303 4150 2398 4211 (Ιί-Δ

838 4245 944 4308 cit:
979 4244 1061 4305 Et
1098 4242 1344 4305 Calicem
1368 4243 1571 4303 salutis
1604 4254 1915 4322 perpetuare.

547 4374 617 4415 n,
677 4368 803 4426 ,ἱρὴ
961 4346 1019 4400 5.
1058 4338 1150 4399 Ad
1176 4337 1551 4420 generalium
1583 4336 1926 4418 hujusmodi
1955 4337 2260 4399 actionum
2282 4357 2391 4401 ex-

514 4428 674 4526 Ῥῶ,
692 4440 802 4483 ‘1⁰⁸⁸
843 4431 1223 4513 plicationem
1273 4431 1395 4492 duo
1428 4429 2079 4507 -suntexaminandaa
2116 4431 2391 4492 Primum

514 4492 803 4600 ..23⁸³ssoe
845 4525 994 4615 quid
1013 4545 1083 4587 ea
1105 4525 1275 4606 signa
1302 4524 1443 4605 sint;
1477 4524 1734 4585 alterum
1755 4544 1869 4589 cur,
1894 4525 2102 4605 quina.
2140 4526 2390 4587 Bossue-

518 4606 638 4664 '3⁸⁸¹'
666 4599 805 4641 ‘²⁰⁸’
847 4628 944 4682 tus
965 4627 1219 4682 tractatu
1242 4618 1316 4679 de
1339 4618 1519 4680 Missa
1541 4638 1672 4699 cap.
1695 4623 1792 4679 41.
1817 4618 2134 4680 discrimen
2157 4640 2284 4682 esse
2304 4620 2392 4682 ait

852 4712 1010 4775 inter
1038 4713 1598 4775 easbenedictiones
1614 4758 1630 4787 ,
1653 4721 2015 4795 quaesuper
2035 4714 2306 4777 Hostiam
2334 4722 2395 4777 et

852 4805 1119 4868 Calicem
1135 4813 1272 4867 ante
1293 4806 1805 4869 Consecrationem
1824 4852 1841 4879 ,
1866 4816 1926 4868 et
1950 4826 2049 4869 eas
2078 4827 2234 4887 quae
2262 4817 2395 4888 post

854 4898 1367 4967 Consecrationem
1398 4898 1598 4975 fiunt3
1632 4900 1776 4962 dicit
1808 4900 1969 4961 enim
1994 4901 2017 4975 ,’
2047 4908 2184 4962 c'um
2214 4902 2394 4964 bene-

852 4994 1109 5056 dicimus
1135 5012 1348 5073 panem
1375 5003 1435 5055 et
1455 4991 1665 5055 vinum
1693 5004 1833 5057 ante
1854 4995 2391 5070 Consecrationem,

740 5144 743 5147 .
853 5109 993 5157 suos
1024 5087 1502 5150 Benedictionem
1543 5088 1784 5150 effectus
1816 5078 2040 5152 hab'cre
2082 5098 2211 5151 tum
2253 5109 2393 5172 erga

858 5184 1054 5266 ipsum
1082 5183 1544 5268 Sacramentum·
1560 5184 2022 5244 consecrandum
2050 5229 2065 5256 ,
2099 5191 2226 5244 tum
2257 5203 2397 5265 erga

858 5272 1199 5349 hominem,
1231 5268 1336 5356 qui
1369 5296 1475 5356 per
1508 5276 1954 5362 Sacramentum
1986 5277 2117 5338 vult
2142 5277 2399 5339 sanctifi-

860 5372 1017 5445 cari;
1048 5369 1492 5433 Benedictionoe
1513 5389 1655 5431 vero
1676 5418 1692 5441 ‚
1723 5390 1877 5450 quae
1906 5369 2062 5432 fiunt
2086 5391 2266 5451 super
2292 5390 2398 5452 pa-

2483 1137 2652 1220 large
2680 1140 2844 1220 cupit
2867 1139 2930 1199 in
2957 1157 3066 1201 nos
3098 1137 3405 1220 effundere
3431 1184 3448 1212 ,
3483 1137 3599 1199 nisi
3618 1136 3851 1198 -nostris
3893 1154 4027 1216 pec·

2477 1223 2635 1304 *catis
2661 1233 3101 1314 praepediatur.
3938 1279 3942 1283 .

2608 1332 2664 1386 6.
2701 1328 2774 1388 D.
2812 1327 3072 1389 Thomas
3102 1331 3158 1386 3.
3194 1346 3325 1407 par.
3371 1344 3433 1404 q.
3471 1330 3569 1386 83.
3601 1331 3716 1386 art.
3751 1329 3809 1385 5.
3843 1341 4030 1403 quae-
4071 1298 4382 1415 &affl

2487 1418 2739 1482 stionem
2774 1420 2943 1483 illam
2971 1421 3281 1502 proponit:
3316 1419 3522 1481 Utrum
3549 1441 3614 1481 ea
3633 1468 3648 1490 ,
3680 1439 3824 1499 quae
3848 1421 3914 1477 in
3942 1437 4029 1478 ce·
4071 1417 4379 1514 amm:

2493 1511 2790 1575 lebratione
2812 1516 2979 1594 hujus
3003 1514 3362 1575 Sacramenti
3386 1524 3659 1592 ayuntur,
3686 1514 3803 1573 sint
3837 1531 4030 1572 conee-
4069 1530 4259 1571 ‹io-«nm
4317 1528 4381 1569 ι).

2487 1609 2704 1669 nientia
2731 1656 2746 1678 ,
2777 1618 2837 1670 et
2869 1608 3185 1688 respondet
3213 1607 3606 1680 affirmandog
3640 1625 3778 1667 cum
3826 1613 4028 1666 autem
4075 1586 4291 1629 Tm

2487 1711 2705 1781 quarto
2725 1703 2839 1763 sibi
2868 1702 3133 1784 objiciat:
3155 1702 3453 1782 Apostolus
3475 1703 3612 1761 dicit
3638 1702 3714 1762 ad
3746 1699 4029 1760 Hebraeos

2488 1800 2547 1855 7.
2588 1798 2707 1857 sine
2747 1801 2876 1859 ulla
2917 1799 3365 1882 ‘contradictione
3415 1797 3564 1873 quod
3617 1798 3803 1855 nivms
3864 1804 3940 1854 est
3986 1813 4026 1855 a

2485 1892 2694 1970 majori
2717 1893 3055 1952 benedicitur
3076 1912 3096 1952 .·
3128 1892 3221 1952 sed
3252 1889 3513 1952 Christus
3541 1938 3557 1961 ,
3600 1893 3702 1969 qui
3725 1901 3804 1950 est
3827 1892 3894 1950 in
3928 1891 4029 1950 hoe

2487 1985 2853 2049 Sat-ramento
2872 1999 2994 2068 post
3026 1986 3525 2056 Consecrationem,
3550 1995 3626 2046 est
3649 1988 3827 2044 „mtto
3849 1985 4034 2063 major

2488 2080 2786 2143 Sacerdote
2809 2102 2829 2142 .·
2873 2083 3347 2146 inconvenientius
3378 2083 3559 2157 iqitur
3591 2079 3863 2141 Sacerdos
3904 2089 4027 2159 post

2489 2174 2965 2237 Consecrationem
2987 2178 3251 2238 benedicit
3275 2178 3373 2237 hoc
3393 2173 3825 2238 Sacramentum
3851 2173 3902 2236 C
3901 2193 4032 2236 ruee

2483 2272 2780 2348 siquando:
2803 2271 2899 2333 cui
2924 2271 3243 2353 objectioni
3266 2271 3351 2333 ita
3373 2269 3712 2351 respondet:
3735 2268 3828 2328 Aa
3853 2289 4031 2348 quam

2485 2374 2607 2426 tum
2635 2365 2928 2426 dicendum
2954 2414 2970 2437 ‚
3000 2368 3147 2444 quod
3179 2365 3452 2427 Sacerdos
3480 2373 3606 2444 post
3648 2361 4034 2425 Consecratio-

2482 2480 2608 2521 nem
2632 2480 2745 2520 non
2770 2461 2960 2519 utitur
2987 2449 3477 2539 Crucesiqnatione
3503 2459 3580 2520 ad
3606 2458 4029 2519 benedicendum

2484 2564 2536 2614 et
2568 2553 3029 2623 consecrandum,
3060 2539 3152 2613 sed
3176 2556 3356 2615 solum
3385 2554 3460 2615 ad
3489 2551 4028 2622 commemorandum

2482 2641 2744 2707 virtutem
2775 2645 3060 2716 Crucis,et
3083 2645 3306 2704 modum
3331 2645 3620 2709 Passionis
3650 2644 3887 2706 Christi.
3914 2642 4024 2705 Ni-

2484 2739 2570 2801 hil
2607 2739 2867 2802 Ecclesia
2899 2738 3362 2820 praetermittit,
3400 2757 3522 2819 quo
3551 2738 3616 2799 in
3650 2738 3871 2800 animis
3906 2737 4022 2799 im-

2485 2835 2576 2915 pri
2586 2842 2732 2914 mat„
2745 2833 3129 2913 Sacerdotum
3159 2842 3219 2895 et
3259 2832 3625 2896 adstantium
3647 2821 3669 2906 ,⁶
3703 2832 3862 2896 idem
3900 2850 4029 2894 esse

2485 2915 2855 3000 Sacrificium
2877 2928 3085 2990 altaris
3099 2946 3242 3014 cum
3265 2925 3568 2989 Sacrificio
3587 2925 3812 2988 Crucis.
3840 2925 3917 2987 Et
3937 2945 4029 2987 sa·

2487 3046 2563 3087 ne
2595 3032 2877 3104 cuperet,
2912 3031 2986 3084 ut
3010 3022 3360 3104 praesertim
3389 3020 3736 3098 Sacerdotes
3751 3019 3865 3080 sibi
3912 3019 4025 3100 ipsi

2487 3126 2618 3200 post
2634 3116 3146 3182 Consecrationem
3162 3116 3464 3183 Christum
3484 3115 3686 3177 Jesum
3701 3113 4030 3195 objicerent

2487 3212 2690 3275 animo
2718 3211 3093 3272 immolatum
3135 3209 3199 3270 in
3226 3210 3415 3273 Cruc‘e
3439 3255 3455 3282 ,
3489 3216 3558 3270 ut
3584 3208 3672 3269 ait
3711 3206 4030 3287 Apostolus

2487 3307 2563 3369 ad
2592 3306 2853 3380 GalataS,
2883 3306 2989 3386 qui
3019 3312 3151 3385 post
3174 3304 3304 3385 ejus
3323 3303 3824 3384 praedicationem
3850 3299 4029 3362 Chri-

2487 3410 2646 3462 stum
2672 3398 3041 3462 Crueifixum
3070 3398 3149 3459 ob
3181 3396 3384 3485 oculos
3411 3416 3643 3478 semper
3674 3395 4025 3457 habehant:

2486 3494 2634 3553 Ante
2666 3513 2905 3573 quorum
2936 3493 3120 3552 oculos
3149 3490 3312 3551 Jesus
3349 3487 3612 3551 Christus
3654 3489 4032 3569 praescriptus

2489 3600 2565 3651 est
2593 3590 2655 3648 in
2685 3588 2833 3647 vobis
2860 3588 3188 3668 crucifixum.
3221 3586 3420 3664 Atque
3444 3591 3513 3644 ut
3539 3582 3829 3664 ejusmodi
3864 3580 4026 3644 oria-

2488 3692 2588 3746 tur
2615 3682 2885 3754 effectus,
2910 3680 3044 3741 vult
3059 3678 3318 3741 Ecclesia
3342 3697 3521 3739 omne
3542 3677 3796 3740 verbum
3812 3722 3830 3751 ,
3864 3673 4029 3757 quod

2490 3774 3043 3857 exprimatCorpus
3068 3784 3129 3834 et
3159 3771 3526 3854 Sanguinem
3568 3770 3852 3844 Domini,
3890 3788 4029 3839 cum

2491 3872 2662 3953 signo
2691 3868 2897 3930 Crucis
2923 3865 3201 3947 proferri,
3227 3885 3349 3945 quo
3371 3865 3707 3926 declaratur
3731 3863 4030 3935 Hostiam,

2496 3973 2555 4026 et
2576 3962 2740 4044 quod
2768 3961 3106 4031 continetur
3129 3960 3193 4020 in
3220 3959 3416 4045 Calice
3444 3959 3602 4021 idem
3626 3977 3751 4020 esse
3779 3957 4029 4039 Corpus,

2493 4058 2654 4139 quod
2683 4055 2856 4118 Cruci
2884 4055 3000 4116 suit
3022 4054 3301 4127 affixum,
3327 4062 3388 4116 et
3411 4054 3604 4134 ipsum
3632 4051 4031 4133 Sanguinem,

2494 4151 2599 4233 qui
2630 4149 2692 4210 in
2723 4148 2912 4234 Cruce
2941 4148 3163 4208 effusus
3199 4155 3308 4209 est.
3339 4146 3544 4209 Crucis
3584 4145 3771 4226 igitur
3815 4144 3986 4224 signa
4010 4187 4031 4216 ,

2494 4264 2650 4327 qnae
2673 4251 2808 4331 post
2838 4241 3351 4304 Consecrationem
3383 4240 3685 4301 ducuntur
3713 4256 3892 4318 super
3914 4238 4037 4300 Ho-

2494 4340 2670 4401 stiam
2697 4347 2758 4399 et
2780 4337 3036 4398 Calicem
3053 4381 3071 4409 ,
3102 4355 3223 4397 non
3250 4342 3391 4396 sunt
3421 4332 3896 4413 Benedictiones,
3928 4332 4033 4394 sed

2489 4418 3080 4515 commemorationes
3113 4428 3355 4492 virtutis
3385 4435 3446 4490 et
3485 4426 3778 4501 efficaciae
3824 4425 4035 4489 Sacra-

2496 4526 2680 4603 menti
2713 4523 3125 4591 Eucharistiae
3142 4569 3158 4596 ‚
3190 4542 3346 4603 quae
3380 4522 3572 4583 virtus
3595 4520 3842 4602 profluit
3866 4540 3901 4581 e
3926 4520 4034 4582 Sa·

2496 4619 2723 4683 orificio
2751 4619 2959 4681 Crucis
2985 4663 3002 4691 ,
3036 4617 3220 4699 quod⁴
3246 4617 3309 4678 in
3345 4617 3561 4701 Missae
3582 4607 3898 4678 'Sacrificio
3941 4634 4042 4677 re-

2495 4722 2909 4798 praesentatur
2926 4721 2987 4775 et
3006 4711 3411 4783 continuatur,
3434 4719 3504 4772 ut
3522 4709 3774 4771 haerens
3794 4708 3858 4769 S.
3884 4702 4040 4770 Tho-

2500 4830 2633 4873 mae
2656 4809 2962 4871 doctrinae
2986 4805 3246 4868 ostendit
3270 4805 3487 4866 Suara
3514 4809 3571 4864 3.
3608 4822 3737 4882 par.
3779 4810 3924 4864 tom.
3972 4805 4033 4861 3.

2500 4925 2563 4986 q.
2596 4910 2696 4965 83.
2728 4911 2826 4965 art
2846 4909 2905 4963 5.
2937 4901 3161 4981 disput.
3189 4903 3287 4959 84.
3316 4908 3453 4959 sect.
3487 4902 3540 4957 t.
3568 4895 3634 4978 S.
3669 4894 3878 4957 Octavo
3901 4897 4038 4965 loeo,

2502 4997 2834 5060 Merbesius
2857 4995 2921 5056 in
2947 4992 3194 5055 Summa
3221 4989 3559 5052 Christiana
3591 4994 3648 5049 3.
3682 5007 3812 5069 par.
3845 5007 3906 5068 q.
3935 4990 4033 5047 61.

2501 5078 2956 5172 quaestiuncula
2980 5094 3038 5149 6.
3071 5085 3300 5151 Natalis
3324 5084 3663 5146 Alexander
3683 5081 4042 5164 Theologiae

2503 5188 2778 5268 Dogmat.
2814 5191 2874 5245 et
2906 5181 3152 5243 Moralis
3179 5180 3287 5241 lib.
3324 5184 3381 5239 2.
3412 5178 3487 5239 de
3516 5178 3775 5240 Sacram.
3812 5176 4043 5238 Eucha-

2503 5280 2632 5341 rist.
2659 5294 2788 5359 cap.
2824 5283 2883 5338 7.
2921 5284 3036 5339 art.
3071 5282 3127 5337 6.
3162 5273 3226 5357 S.
3260 5277 3481 5352 siqnum
3511 5271 3734 5342 Crucis,
3764 5272 3847 5332 Le
3876 5272 4043 5331 Brun

2506 5381 2650 5435 tom.
2682 5378 2734 5433 t.
2769 5391 2905 5454 pag.
2938 5376 3074 5433 498.
3103 5377 3162 5431 et
3185 5370 3412 5450 Pouget
3436 5375 3577 5428 tom.
3612 5370 3671 5426 2.
3700 5364 3892 5427 instit.
3927 5363 4038 5427 Ca-

861 5485 998 5530 nem
1032 5474 1089 5526 et
1121 5466 1328 5527 viuum
1357 5466 1484 5547 jam
1511 5473 1917 5527 consecratum
1938 5511 1958 5539 ,
1989 5485 2108 5527 non
2143 5466 2217 5528 ad
2253 5465 2399 5528 Cor-
2441 5458 2456 5523 1¹
2508 5465 2782 5530 tholicar.
2814 5485 2950 5548 pag.
3002 5469 3141 5527 863.
3176 5463 3253 5526 Et
3297 5460 3456 5522 idem
3484 5458 3546 5521 S.
3582 5459 3799 5520 Doctor
3840 5457 3901 5519 in
3946 5475 4040 5519 re—
