4487 6316
1665 495 1894 551 RERUM
1929 494 2359 552 Romanam(

441 662 545 699 nus
570 642 860 716 procidens
888 644 1144 713 tantisper
1170 644 1378 697 orabat.
1408 645 1562 714 Nunc
1588 643 1855 700 Diaconus
1880 645 1988 712 pri-

444 752 590 785 mum
618 734 769 798 dicit,
791 741 842 784 et
869 733 1240 785 subdiaconus
1269 734 1384 784 siue
1405 733 1509 783 ulla
1533 745 1682 782 mora
1696 731 1988 784 secundum

446 822 625 887 addit,
655 823 778 891 quia
804 822 1042 890 Populus
1086 838 1257 889 neque
1285 819 1673 890 genua-flectit,
1715 837 1887 890 neque
1923 819 1986 871 sd

447 910 537 961 illa
564 909 722 962 verba
753 920 897 973 orat,
938 911 977 962 1.
1003 909 1054 960 2.
1083 926 1128 960 c.
1160 911 1209 963 ὅ.
1238 927 1291 959 n.
1321 910 1355 957 Α

1092 1036 1304 1086 Forma
1328 1074 1339 1085 .

558 1173 756 1223 Forma
798 1181 849 1223 et
890 1171 1103 1224 materia
1144 1175 1602 1226 sacramentorum
1643 1185 1763 1226 sunt
1794 1192 1903 1239 res,
1942 1184 1994 1227 et

451 1257 633 1311 verba.
684 1260 746 1311 V.
800 1260 1066 1312 Materia.
1126 1262 1320 1311 Forma
1373 1262 1787 1313 consecrationis
1843 1262 2029 1330 panis.

453 1345 507 1395 in
547 1344 709 1396 Missa
747 1355 868 1396 sunt
909 1347 997 1396 illa
1036 1345 1304 1397 dumtaxat
1336 1347 1511 1408 verba,
1548 1350 1672 1399 Hoc
1698 1360 1776 1400 ese
1802 1365 1996 1415 corpus

454 1449 654 1497 meum,
685 1452 802 1484 cum
835 1434 1130 1486 intentione
1158 1436 1477 1486 conficiendi
1511 1417 1921 1499 Sacramentum,
1944 1446 1995 1489 et

454 1539 512 1572 ea
552 1522 705 1573 verba
737 1539 835 1589 pro
875 1526 1274 1575 consecratione
1303 1526 1593 1590 sufficiunt,
1638 1526 1760 1576 licet
1789 1542 1996 1593 praece·

457 1608 635 1662 dentis
664 1626 772 1660 non
814 1610 1128 1672 recitentur,
1171 1613 1206 1662 1.
1233 1612 1285 1661 2.
1308 1629 1352 1662 c.
1387 1614 1470 1664 15.
1499 1630 1549 1662 n.
1584 1613 1666 1665 13.

536 1698 763 1748 'Forma
798 1687 1233 1751 Consecutionis
1261 1693 1455 1752 Calicis
1484 1710 1605 1751 sunt
1642 1699 1797 1758 verba
1819 1741 1831 1753 .
1886 1701 1999 1755 Hic

462 1797 542 1838 ese
572 1784 737 1837 Calioe
783 1787 1069 1854 sanguinis
1093 1787 1231 1843 mei.
1275 1790 1491 1858 Reliqua
1538 1807 1703 1859 usque
1745 1791 1808 1842 ad
1860 1788 2038 1856 ἡαεο,

456 1873 897 1942 quotiescumque
924 1888 1025 1928 etc.
1054 1875 1292 1928 fortassis
1331 1877 1393 1927 ad
1425 1878 1775 1947 integritatem
1799 1887 1996 1930 tantum
2034 1933 2037 1936 ,

458 1962 758 2031 pertinent,
788 1965 824 2015 1.
853 1963 905 2014 2.
929 1982 976 2017 c.
1009 1965 1091 2017 w.
1132 1981 1185 2015 η.
1208 1965 1301 2016 -14,
1342 1977 1397 2017 ee
1418 1983 1561 2033 seqq.

564 2050 694 2102 Post
714 2051 937 2102 formam
966 2053 1386 2104 consecrationis
1415 2052 1596 2105 Graeci
1620 2062 1772 2104 orant
1808 2054 1996 2119 Deum,

456 2143 515 2186 ut
546 2154 732 2205 panem
758 2147 809 2190 et
835 2139 1017 2189 vinum
1050 2139 1103 2190 in
1134 2139 1346 2208 Corpus
1371 2150 1422 2193 et
1453 2141 1771 2212 Sanguinem
1800 2141 2000 2194 Christi

460 2226 739 2277 immutet.
768 2227 828 2278 V.
867 2227 1097 2279 Graeci.

572 2314 797 2366 Formae
823 2316 1285 2382 Consecutionis,
1311 2326 1361 2369 et
1382 2318 1839 2369 sacramentorum
1868 2316 2000 2368 olim

463 2408 665 2452 secreto
693 2401 1156 2468 custodiebantur,
1186 2405 1220 2455 l.
1247 2403 1299 2453 2.
1322 2420 1365 2454 e.
1387 2404 1474 2453 23.
1505 2419 1556 2454 η.
1589 2404 1671 2455 12.

567 2487 879 2546 Fragmenta
917 2490 1159 2551 Hostiae,
1199 2509 1331 2558 quae
1372 2508 1531 2559 super
1555 2492 1880 2560 Corporale,
1920 2493 2004 2544 vel

466 2589 625 2641 supra
658 2577 902 2627 Patenam
934 2579 988 2628 in
1018 2578 1179 2629 Missa
1219 2578 1490 2640 decidunt,
1519 2580 1573 2629 in
1604 2582 1928 2650 sumptione,
1955 2588 2006 2633 et

467 2663 521 2712 in
580 2662 848 2731 aliquibus
894 2664 1100 2717 casibus
1139 2668 1293 2718 etiam
1325 2678 1447 2735 post
1488 2669 1706 2719 Missam
1749 2668 2005 2721 sumenda

466 2761 617 2813 suut,
658 2753 696 2803 1.
723 2752 773 2803 3.
802 2770 848 2805 c.
874 2754 959 2805 1¹1.
991 2770 1048 2805 n.
1074 2753 1127 2805 2.
1158 2765 1212 2805 ee
1232 2772 1374 2823 seqq.
1405 2757 1466 2807 V.
1498 2754 1726 2808 Hostia.
1901 2745 1905 2750 ’

1023 2880 1073 2930 S.
1102 2871 1454 2933 Franci-scus.

574 3017 625 3067 S.
654 3015 967 3068 Franciscus
987 3015 1296 3070 Assisiensis
1314 3018 1588 3070 Fratribus
1617 3020 1726 3071 suis
1754 3018 2004 3087 injunxit,

468 3110 522 3153 ut
551 3118 659 3152 non
689 3103 794 3154 nisi
851 3104 1000 3156 unica
1024 3107 1187 3156 Missa
1215 3104 1459 3175 quotidie
1504 3108 1555 3157 in
1587 3113 1697 3158 suis
1724 3105 2009 3160 Conventi·

466 3188 566 3242 bus
590 3191 958 3257 celebraretur,
990 3194 1112 3245 licet
1158 3194 1210 3244 in
1240 3194 1307 3244 iis
1348 3196 1525 3261 plures
1557 3204 1730 3247 essent
1757 3193 2007 3247 Sacerdo-

468 3288 544 3331 tes
566 3318 580 3344 ,
611 3281 645 3331 l.
677 3280 727 3331 3.
755 3297 801 3332 c.
828 3280 879 3331 2.
910 3298 962 3332 n.
985 3282 1036 3333 0.
1068 3282 1166 3334 Sed
1197 3281 1455 3334 incertum
1485 3291 1582 3350 est,
1612 3283 1742 3351 quid
1766 3285 1815 3335 S.
1847 3284 2009 3334 Fran-

466 3369 637 3419 ciscus
700 3386 795 3438 per
836 3369 940 3421 boc
993 3370 1336 3435 intellexerit,
1388 3373 1425 3422 1.
1476 3371 1527 3421 2.
1557 3389 1601 3422 c.
1631 3370 1682 3421 2.
1712 3389 1763 3421 n.
1793 3373 1849 3427 ⁹.
1870 3372 2005 3423 Cum

469 3473 593 3508 vero
616 3456 770 3518 dixit,
800 3475 910 3509 eam
932 3454 1153 3509 Missam
1175 3457 1542 3509 celebrandam
1572 3476 1687 3512 esse
1715 3458 2006 3511 secundum

471 3544 698 3595 formam
724 3546 988 3598 Romanae
1035 3546 1325 3609 Ecclesiae,
1365 3545 1418 3607 id
1453 3547 1856 3616 intelligendum
1884 3556 1967 3600 est
1990 3583 2005 3610 ,

466 3631 763 3683 secundum
794 3634 980 3684 Ritum
1028 3636 1372 3697 Romanum,
1423 3652 1533 3686 non
1562 3628 1708 3704 'quod
1737 3637 1887 3687 unica
1915 3652 2010 3704 per
2096 3640 2099 3643 '

472 3718 615 3770 diem
642 3720 801 3770 Missa
855 3732 977 3772 tunc
1024 3721 1219 3773 Romae
1263 3721 1641 3788 celebraretur,
1690 3726 1723 3775 l.
1761 3723 1813 3776 2.
1866 3740 1913 3775 c.
1952 3723 2003 3774 2.

470 3823 524 3857 n.
556 3808 637 3858 10.
669 3807 936 3859 Fortassis
972 3809 1024 3860 S.
1054 3808 1368 3860 Franciscus
1396 3808 1450 3860 id
1481 3810 1660 3889 statuit
1703 3827 1802 3877 pro
1830 3827 2007 3862 corru-

473 3895 634 3963 ptelis
661 3895 889 3945 vitandis
918 3896 972 3945 in
1000 3897 1330 3964 eleemosyna
1360 3913 1457 3965 pro
1484 3898 1647 3950 Missa
1677 3898 2007 3965 recipienda,

473 3981 510 4033 1.
538 3980 587 4032 3.
630 3998 674 4032 e.
702 3980 772 4032 22
818 4000 871 4034 n.
902 3985 951 4033 1.

583 4069 920 4123 Franciscani
950 4070 1161 4121 Fratres
1183 4069 1443 4146 quosdam
1473 4070 1603 4122 ritus
1633 4080 1914 4132 mutarunt,
1960 4080 2011 4124 et

475 4157 919 4208 consuetudinem
948 4175 1045 4225 per
1070 4159 1309 4209 osculum
1340 4176 1520 4226 pacem
1551 4158 1709 4209 dandi
1764 4161 1819 4210 in
1848 4160 2008 4211 Missa

480 4247 833 4309 sustulerunt,
867 4248 900 4297 1.
928 4245 981 4296 2.
1013 4263 1058 4296 e.
1085 4244 1173 4296 20.
1202 4263 1254 4295 n.
1282 4246 1374 4297 23.

586 4334 636 4385 S.
664 4334 978 4385 Franciscus
1008 4322 1234 4385 salesius
1260 4333 1468 4385 cuidam
1500 4331 1872 4397 Sacerdotibus
1899 4335 2015 4402 plu·

478 4418 626 4473 ribus
654 4420 951 4472 rationibus
972 4422 1154 4487 suasit,
1184 4431 1241 4472 ut
1259 4422 1476 4473 Missam
1504 4420 1747 4490 quotidie
1785 4420 2011 4474 celebra·

479 4516 591 4573 ret,
621 4507 656 4560 1.
678 4508 730 4559 3.
758 4524 804 4559 c.
831 4506 885 4559 2.
925 4524 976 4559 η.
1005 4508 1056 4559 4.

954 4633 1298 4684 Francorum
1327 4632 1525 4706 Reges..

586 4770 912 4822 Francorum
953 4770 1144 4838 Reges,
1178 4787 1300 4821 suae
1337 4767 1702 4821 coronationis
1728 4768 1851 4828 die,
1880 4777 1933 4821 et
1957 4769 2011 4819 in

476 4857 668 4911 mortis
698 4850 920 4909 articulo
947 4857 1330 4912 Eucharistiam
1379 4857 1476 4908 sub
1505 4865 1723 4925 utraque
1750 4857 1925 4923 specie
1953 4874 2014 4908 ex

477 4945 760 5014 privilegio
786 4948 1122 5015 percipiunt,
1164 4947 1198 4996 l.
1220 4945 1271 4998 2.
1302 4964 1348 4999 c.
1373 4944 1463 4997 22.
1492 4962 1544 4995 n.
1566 4943 1652 4995 32.

1116 5048 1342 5123 Ρνᾰενεσ
1368 5107 1381 5120 .

593 5208 898 5273 Fratres,''et
924 5212 1146 5263 Sorores
1175 5210 1306 5260 olim
1357 5224 1414 5260 se
1462 5208 1684 5258 invicem
1726 5194 2014 5260 Christiani
2052 5196 2057 5201 ’

489 5296 857 5368 appellabant3
884 5298 1030 5368 qdod
1053 5286 1292 5351 Gentiles
1322 5294 1389 5347 iis
1429 5312 1703 5364 perperam
1731 5293 2018 5364 exprobra-

3334 498 3432 549 tat

2099 655 2213 696 runt
2251 646 2399 714 quasi
2432 653 2718 714 prostratae
2746 644 3033 714 pudicitiae
3067 655 3460 715 argumentum,
3488 646 3524 699 1.
3568 645 3622 697 2.

2090 753 2134 787 c.
2168 737 2250 786 11.
2278 752 2328 785 n.
2357 737 2407 786 9.

2714 860 2952 911 Fructus
2971 898 2982 910 .

2216 1000 2443 1051 Fructus
2472 998 2720 1051 sacrificii
2753 999 2885 1049 alius
2903 1007 2982 1050 est
3007 998 3264 1062 internus,
3289 1008 3339 1050 et
3376 1016 3448 1051 ex
3474 1011 3633 1066 opere

2101 1098 2375 1153 operato,
2404 1088 2493 1155 qui
2534 1102 2800 1154 nunquam
2839 1085 3124 1147 minuitur,
3161 1085 3359 1155 quique
3395 1087 3438 1136 si
3468 1086 3637 1154 appli-

2100 1184 2280 1238 cetur,
2330 1191 2539 1242 semper
2583 1182 2828 1242 operatur
2847 1211 2862 1237 ,
2890 1174 2931 1223 si
2961 1174 3164 1224 nullum
3210 1172 3383 1225 obstet
3410 1173 3635 1242 impedi·

2097 1270 2334 1313 mentum
2370 1300 2383 1313 .
2425 1261 2568 1313 Alter
2604 1269 2681 1313 est
2706 1277 2777 1311 ex
2801 1276 2961 1330 opere
2978 1260 3270 1328 operantis,
3304 1260 3397 1329 qui
3418 1262 3635 1313 ex1uni-

2101 1367 2246 1401 versa
2276 1352 2463 1401 oritur
2481 1349 2729 1412 Ecclesia,
2751 1357 2799 1400 et
2826 1348 3021 1417 augeri,
3050 1350 3128 1400 vel
3149 1348 3315 1400 minui
3341 1357 3514 1418 potest
3531 1364 3632 1416 pro

2103 1436 2314 1504 majori,
2338 1439 2417 1489 vel
2440 1436 2636 1487 minori
2657 1453 2840 1487 eorum
2856 1438 3143 1499 sanctitate,
3161 1455 3187 1487 a
3206 1437 3399 1506 quibus
3423 1438 3633 1506 Corpus

2105 1526 2367 1578 Ecclesiae
2414 1522 2695 1575 conflatur.
2736 1522 2884 1573 Alius
2926 1522 3109 1574 it.dem
3133 1533 3211 1575 est
3237 1542 3308 1574 ex
3334 1541 3494 1591 opere
3518 1529 3641 1592 ope·

2097 1613 2290 1674 rantis,
2320 1622 2370 1665 et
2397 1630 2458 1666 ex
2490 1613 2609 1680 ipso
2643 1608 2920 1663 Sacerdote
2944 1610 3238 1665 celebrante
3264 1611 3637 1680 proficiscitur,

2098 1702 2210 1770 qui,
2241 1703 2287 1753 si
2307 1702 2482 1753 bonus
2501 1701 2588 1763 sit,
2612 1708 2786 1769 potest
2798 1699 3042 1752 effectum
3063 1700 3536 1768 impetrare,1.2.c.
3551 1700 3635 1751 13.

2099 1807 2149 1843 η.
2169 1790 2260 1841 20.

2213 1879 2456 1930 Fructus
2487 1876 2739 1928 sacrificii
2774 1876 2961 1944 triplex
2980 1885 3081 1927 est.
3105 1875 3335 1938 Primus,
3358 1875 3638 1944 generalis-
3688 1921 3715 1942 2

2107 1965 2276 2018 simus
2300 2002 2315 2029 ,
2370 1965 2517 2031 cujus
2560 1962 2742 2016 fideles
2781 1980 2976 2015 omnes
3002 1963 3469 2032 fiunt-participes}
3508 1965 3638 2016 alter

2104 2053 2542 2122 specialissimus,
2569 2069 2677 2121 quo
2697 2050 3181 2102 Sacerdosfruitur:
3207 2050 3390 2103 tertius
3409 2048 3636 2115 medius,

2112 2142 2204 2215 qui
2239 2141 2310 2192 iis
2343 2140 2654 2211 applicatur,
2678 2155 2776 2206 pro
2814 2136 3009 2207 quibus
3033 2137 3358 2190 Sacrificium
3384 2137 3637 2203 offertur,

2102 2228 2137 2279 1.
2168 2227 2220 2280 3.
2251 2245 2293 2280 c.
2322 2228 2406 2280 18.
2428 2245 2480 2278 n.
2511 2228 2557 2278 1.
2585 2227 2800 2294 e'fseqq.
3169 2243 3172 2246 ’

2212 2316 2360 2370 Idem
2392 2315 2591 2368 fructus
2625 2313 2833 2365 medius
2870 2321 2950 2365 est
2980 2310 3377 2377 satisfactorius,
3399 2319 3453 2364 et
3474 2312 3640 2381 impo-

2102 2405 2350 2458 tratorius
2374 2442 2389 2469 ,
2427 2417 2543 2472 cap.
2572 2403 2625 2455 9.
2651 2418 2797 2453 num.
2825 2400 2875 2453 ll.

2212 2494 2441 2544 Fructus
2458 2489 2888 2560 specialissimus,
2914 2505 3072 2558 quem
3098 2486 3351 2542 Sacerdos
3370 2485 3640 2540 celebrans

2105 2582 2159 2631 in
2195 2599 2250 2632 se
2282 2580 2500 2643 derivat,
2522 2587 2602 2632 est
2620 2578 2776 2630 veluti
2798 2576 2934 2629 actio
2959 2577 3274 2640 immanens,
3302 2593 3434 2645 quae
3458 2575 3645 2644 nequit

2105 2667 2168 2717 ab
2200 2677 2383 2731 agente
2410 2666 2465 2716 in
2489 2664 2650 2716 alium
2672 2664 2913 2726 transire,
2943 2661 3179 2732 adeoque
3200 2679 3311 2713 uon
3339 2663 3461 2716 licet
3486 2662 3640 2715 aliam

2112 2757 2502 2823 eleemosynam
2534 2771 2633 2823 pro
2663 2753 2833 2804 fructu
2884 2751 3265 2820 specialissimo
3288 2750 3436 2802 alteri
3475 2751 3642 2819 appli-

2066 2899 2079 2906 ,
2106 2850 2222 2893 cato
2252 2843 2487 2910 accipere
2505 2877 2520 2904 ,
2561 2841 2597 2891 1.
2624 2840 2675 2890 3.
2704 2856 2751 2891 e.
2776 2839 2865 2890 21.
2895 2856 3041 2890 num.
3075 2840 3160 2892 15.
3184 2840 3248 2889 V.
3276 2837 3597 2908 Applicaeio
3616 2879 3636 2905 ‚

2112 2930 2303 2981 Eleem
2309 2945 2478 2998 osyna
2493 2966 2504 2978 .

2622 3103 2672 3153 S.
2710 3099 3044 3170 Fulgentius.

2218 3281 2273 3331 S.
2311 3278 2638 3346 Fulgentius,
2678 3293 2944 3346 nunquam
2986 3277 3179 3328 stolam
3221 3278 3474 3352 gestavit,
3513 3294 3579 3330 ne
3610 3295 3641 3329 s

2109 3367 2211 3419 vita
2241 3367 2532 3419 Monastica
2553 3364 2874 3428 discederet,
2914 3366 2950 3416 Ι.
2982 3365 3030 3415 1.
3058 3380 3103 3414 e.
3129 3365 3177 3414 8.
3200 3381 3252 3414 n.
3285 3365 3336 3417 8.

2852 3539 2904 3592 G

2771 3716 2923 3768 Gaui
2942 3753 2955 3766 .

2105 3839 2289 3955 Galli
2318 3894 2533 3966 quidam
2553 3931 2566 3957 ,
2608 3910 2697 3945 seu
2726 3892 2958 3944 Gallicae
2983 3890 3193 3958 linguae
3221 3890 3378 3958 periti
3418 3891 3646 3942 nonnul·

2112 3989 2192 4052 la,
2225 3986 2359 4055 quae
2385 3982 2526 4055 apud
2555 3980 2814 4052 quosdam
2841 3987 3077 4032 auctores
3103 3996 3269 4044 nova,
3301 3977 3567 4044 inaudita,
3595 3986 3648 4028 et

2122 4095 2148 4127 a
2172 4072 2445 4127 communi
2484 4070 2745 4122 Ecclesiae
2772 4084 2926 4120 sensu
2954 4067 3120 4119 aliena
3147 4066 3454 4132 inveniunt,
3494 4066 3550 4116 in
3578 4065 3647 4117 fa·

2114 4161 2414 4214 miliaribus
2451 4159 2630 4211 Italiae
2666 4154 3031 4209 Conventibus
3068 4155 3337 4221 jactitant,
3376 4171 3540 4222 eaque
3577 4154 3646 4205 si-

2110 4254 2249 4317 lent,
2280 4267 2413 4319 quae
2439 4245 2577 4316 apud
2607 4244 2953 4296 doctissimos
2977 4278 2992 4305 ,
3030 4251 3082 4294 et
3109 4242 3231 4309 pios
3258 4241 3439 4293 Gallos
3462 4238 3649 4299 Aucto·

2109 4358 2191 4393 res
2219 4348 2400 4390 contra
2440 4342 2564 4386 stint
2601 4333 2892 4401 disputata,
2932 4328 3179 4399 Append.
3222 4329 3306 4379 13.
3345 4325 3653 4394 ΡνσςΙῖ·αᾰ

2111 4429 2230 4478 lect.
2253 4436 2307 4476 ee
2332 4418 2521 4489 Praejt
2539 4424 2652 4488 seq.
2682 4417 2884 4471 Bened.
2911 4421 2968 4472 Χ
2968 4421 3004 4471 1
3008 4420 3068 4471 V.
3096 4434 3241 4468 num.
3267 4416 3320 4467 ’1.

2301 4528 2316 4555 ,
3357 4530 3362 4533 .

2705 4592 2995 4646 Generales
3015 4631 3026 4644 .

2152 4740 2167 4767 ²
2219 4773 2570 4831 cenet-subn.
2594 4769 2858 4824 Ordinum
2899 4767 3229 4837 segalatium
3271 4767 3649 4836 Superioribus

2116 4865 2328 4918 facultas
2355 4880 2384 4913 a
2406 4859 2657 4913 Concilio
2686 4854 3008 4910 Tridentino
3038 4853 3154 4904 data
3179 4854 3298 4920 suit,-
3334 4863 3388 4905 ut
3416 4854 3468 4904 in
3495 4854 3650 4923 Capi-

2116 4954 2238 5004 tulis
2265 4948 2596 5019 generalibus
2622 4947 2899 4997 Missarum
2931 4951 3299 5011 perpetuarum
3341 4959 3499 4993 onera
3527 4959 3650 4992 con·

2120 5040 2320 5094 trabere
2338 5076 2353 5102 ,
2379 5046 2432 5088 et
2460 5037 2699 5086 minuere
2729 5039 2960 5101 possent.
2981 5029 3321 5099 Eandemque
3348 5029 3413 5080 ab
3441 5028 3656 5082 Urbano

2115 5129 2312 5180 Octavo
2352 5123 2607 5176 sublatam
2636 5118 2926 5173 Alexander
2963 5118 3261 5184 Septimus,
3301 5117 3494 5185 aliique
3519 5116 3656 5168 Pon·

2121 5216 2288 5267 tilices
2313 5213 2699 5272 instaurarunt,
2738 5203 2984 5276 Append.
3014 5204 3142 5277 ⁸15·
3179 5205 3309 5258 Cum
3331 5203 3661 5273 sapientissi-

2120 5303 2199 5353 mi
2215 5312 2269 5357 et
2289 5316 2431 5367 seqq.
