4487 6316
1083 539 1185 590 ⁴02

1006 700 1063 751 Iu
1094 695 1413 766 quibusdam
1452 695 1631 744 Missis
1663 693 1970 755 omittitur,
2002 693 2054 741 iu
2090 693 2206 743 aliis
2240 701 2362 760 post
2391 695 2452 743 E·

897 788 1191 856 vangelium
1223 792 1471 844 cantatur¹
1506 791 1556 832 et
1587 783 1652 831 ita
1673 783 1908 849 Populus
1939 781 2192 844 ostendit,
2224 800 2278 832 se
2297 781 2451 833 Chri-

896 879 957 928 sti
989 876 1272 928 Doctrinae
1300 891 1394 940 per
1418 871 1610 921 Fidem
1666 869 1942 934 assentiri,
1998 888 2161 939 quare
2214 871 2446 921 fructum

893 963 1306 1034 praedicationis
1333 960 1561 1023 Christi,
1590 968 1642 1011 et
1666 957 2049 1026 Apostolorum
2080 959 2342 1028 siguificat
2363 996 2377 1022 ,
2409 960 2444 1009 l.

891 1054 945 1105 2.
975 1071 1021 1104 c.
1051 1053 1101 1102 8.
1130 1069 1181 1100 n.
1215 1050 1298 1100 12.

1001 1142 1135 1192 Dum
1160 1136 1471 1204 Symbolum
1504 1134 1760 1187 Sacerdos
1790 1135 1999 1195 recitat,
2031 1143 2107 1184 ter
2131 1142 2289 1201 caput
2314 1134 2444 1185 Cru-

893 1230 937 1280 ci
970 1228 1217 1290 inclinat,
1249 1224 1412 1274 semel
1442 1222 1771 1290 genuflectit,
1800 1233 1845 1273 et
1879 1223 1939 1270 ad
1975 1221 2156 1283 verba,
2187 1233 2239 1271 et
2263 1221 2440 1271 vitam

893 1315 1119 1368 venturi
1138 1313 1311 1365 seculi
1361 1312 1515 1376 signo
1544 1312 1731 1363 Crucis
1761 1329 1815 1361 se
1840 1311 2043 1377 signat,
2078 1319 2132 1359 ut
2160 1308 2283 1359 tidei
2318 1327 2439 1376 pro-

893 1405 1055 1458 fessio
1084 1404 1262 1468 sigillo
1287 1401 1473 1452 Crucis
1501 1399 1908 1468 quodammodo
1946 1398 2288 1467 obsignetur,
2323 1400 2359 1450 l.
2385 1398 2440 1448 2.

893 1511 938 1544 c.
968 1493 1016 1542 8.
1046 1507 1105 1539 n:
1133 1491 1214 1539 13.
1244 1489 1386 1538 Olim
1411 1488 1595 1539 Crucis
1619 1487 1827 1553 siguum
1854 1487 2008 1536 tiebat
2036 1487 2097 1535 ad
2132 1486 2288 1537 verba
2315 1487 2445 1537 Car-

890 1579 977 1631 m's
1001 1576 1477 1640 resurrectionem,
1502 1575 1739 1626 fortassis
1766 1579 1891 1642 quia
1924 1575 2261 1642 Symbolum,
2292 1573 2439 1642 quod

889 1670 1123 1721 Romana
1144 1665 1373 1715 Ecclesia
1405 1662 1682 1723 recitabat,
1716 1665 1769 1714 in
1802 1662 1927 1713 baec
1957 1663 2234 1715 desinebat
2265 1662 2438 1726 verba,

894 1773 1028 1824 quae
1058 1763 1228 1803 tamen
1260 1753 1392 1800 vitae
1421 1759 1658 1800 aeternae
1686 1751 1962 1801 articulum
1995 1752 2291 1812 continent,
2322 1752 2358 1801 l.
2386 1751 2438 1801 2.

891 1860 939 1895 c.
974 1845 1024 1894 8.
1055 1859 1106 1890 n.
1142 1840 1221 1889 14.
1255 1837 1568 1889 Genusscxio
1624 1838 1688 1887 ad
1719 1839 1871 1889 verba
1902 1851 1952 1888 et
1980 1842 2312 1890 lacernatus
2337 1851 2438 1893 etc.

888 1930 1117 1991 indicat,
1147 1927 1474 1977 adorandum
1505 1943 1617 1976 esse
1643 1925 1914 1977 Christum
1934 1964 1947 1988 ,
1976 1928 2065 1994 qui
2101 1937 2237 1976 tanta
2264 1927 2436 1978 humi·

885 2020 1030 2070 litate
1057 2017 1223 2067 horno
1254 2033 1351 2082 pro
1382 2015 1539 2064 nobis
1570 2017 1731 2063 sactus
1760 2024 1857 2078 eet,
1888 2032 1938 2064 n.
1974 2017 2056 2066 15.
2089 2015 2157 2065 ib.
2184 2019 2325 2066 Hanc
2355 2035 2438 2084 ge·

884 2107 1244 2158 nussexionem
1298 2105 1452 2153 etiam
1487 2107 1763 2152 Romanus
1790 2104 2031 2153 Pontifex
2063 2113 2268 2165 servat3
2322 2122 2430 2153 non

886 2206 1055 2247 autem
1089 2194 1141 2242 in
1173 2210 1267 2242 usu
1296 2200 1372 2242 est
1397 2191 1532 2256 apud
1562 2191 1867 2243 Caiionicos
1893 2192 2273 2243 Laudunenses
2297 2230 2311 2256 ,
2341 2195 2432 2261 qui

886 2293 1024 2335 stant
1051 2284 1193 2332 vultu
1230 2281 1291 2330 ad
1320 2282 1593 2331 Orientem
1623 2296 1882 2331 converso
1907 2318 1921 2341 ,
1952 2280 2077 2331 dum
2110 2281 2322 2332 interim
2348 2284 2434 2333 Sa·

885 2372 1074 2425 cerdos
1109 2387 1269 2436 super
1298 2367 1482 2418 Altaris
1514 2367 1702 2433 gradus
1733 2386 1897 2432 genua
1926 2367 2107 2430 flectit,
2138 2367 2358 2418 ibidem.

898 2467 904 2472 '
994 2458 1351 2525 Symbolicam
1383 2455 1827 2518 significationem
1853 2454 2048 2506 habeut
2073 2465 2241 2507 vestes
2259 2493 2273 2519 ,
2298 2475 2431 2524 quae

882 2549 942 2598 in
970 2548 1131 2599 Missa
1160 2546 1479 2597 adhibentur
1498 2581 1512 2608 ,
1543 2545 1578 2594 l.
1612 2547 1660 2595 1.
1689 2562 1734 2595 c.
1767 2546 1847 2594 10.
1871 2561 1974 2612 per
1997 2557 2093 2595 tot.
2120 2546 2183 2595 V.
2223 2549 2419 2597 Vestes.

1527 2668 1791 2750 Synodus.

991 2809 1191 2878 Synodi
1220 2809 1572 2860 Dioecesanae
1602 2805 1946 2858 celebrandae
1975 2805 2116 2857 diem
2142 2808 2430 2860 S.Carolus

879 2902 1233 2952 Rorromaeus
1264 2897 1314 2945 in
1345 2895 1575 2946 Ecclesia
1601 2894 1900 2946 Cathedrali
1932 2895 2130 2960 indici,
2162 2905 2214 2947 et
2242 2897 2427 2948 Calen-

880 2988 1032 3036 dario
1063 2985 1259 3052 apponi
1291 2983 1473 3051 jussit,
1528 2992 1579 3033 et
1628 2983 1726 3032 alia
1755 3002 1779 3031 a
1806 2983 2057 3034 Par-ochis
2105 2993 2222 3036 ante
2263 2986 2428 3052 Syno-

878 3074 1004 3125 dum
1037 3072 1211 3141 peragi
1245 3072 1537 3139 praecepit,
1567 3079 1618 3123 et
1644 3088 1901 3140 quaenam
1932 3091 1989 3123 ea
2018 3072 2143 3123 sint.
2173 3073 2423 3141 Appeud.

876 3167 959 3215 11.
990 3163 1035 3235 5.
1071 3160 1444 3213 Constitutam.

988 3249 1231 3316 Synodus
1267 3247 1444 3299 triduo
1475 3246 1678 3298 absolvi
1711 3246 1882 3298 debet:
1920 3248 2090 3315 prima
2119 3248 2206 3299 die
2234 3250 2429 3301 solem-

873 3338 959 3388 nis
985 3336 1263 3388 Processio
1295 3334 1619 3386 instituenda
1647 3345 1753 3401 est,
1785 3344 1833 3386 et
1862 3344 1978 3387 ante
1998 3374 2011 3398 ,
2042 3339 2121 3387 vel
2149 3347 2274 3405 post
2303 3356 2423 3404 pro-

874 3426 1169 3476 cessionem
1199 3424 1498 3489 Episcopus
1526 3423 1741 3472 Missam
1773 3423 2068 3472 solemnem
2125 3422 2190 3474 de
2218 3424 2421 3489 Spiritu

876 3513 1066 3563 Sancto
1096 3511 1322 3561 omnino
1350 3511 1516 3561 facere
1546 3509 1700 3561 debet
1725 3549 1742 3574 ,
1773 3519 1821 3560 et
1848 3512 2006 3561 Clero
2038 3528 2233 3561 sacram
2264 3512 2423 3563 Com·

872 3601 1187 3651 munionem
1212 3599 1509 3666 porrigere,
1535 3616 1714 3665 quam,
1741 3600 1893 3649 stolis
1924 3598 2130 3658 rubeis,
2156 3600 2313 3649 etiam
2337 3601 2423 3650 Sa-

872 3688 1114 3739 cerdotes
1144 3695 1380 3747 sument,
1410 3687 1498 3752 qui
1531 3704 1595 3737 eo
1626 3686 1712 3737 ‹lie
1739 3703 1848 3736 non
1880 3685 2280 3737 celebraverint.
2309 3690 2422 3755 Ap-

864 3774 1028 3843 pend.
1062 3775 1143 3824 11.
1174 3774 1219 3846 5
1253 3772 1525 3840 Synodalae'
1547 3785 1599 3823 et
1619 3791 1764 3841 seqq.
1821 3774 2048 3824 secunda
2078 3774 2164 3825 die
2195 3792 2329 3824 unus
2357 3793 2420 3826 ex

869 3863 1156 3915 Canonicis
1185 3862 1399 3912 Missam
1431 3879 1531 3929 pro
1558 3863 1869 3928 Desuncus,
1900 3863 2053 3914 tertia
2084 3862 2171 3914 die
2196 3864 2416 3914 Missam

870 3950 935 4003 de
965 3952 1052 4002 SS.
1084 3949 1349 4003 Trinitate
1376 3949 1634 4014 celebrat,
1663 3960 1715 4002 et
1742 3952 1844 4002 alia
1872 3952 2024 4021 plura
2054 3949 2117 4002 ab
2144 3952 2417 4020 Episcopo

869 4038 1021 4102 liunt,
1043 4036 1113 4088 ih.
1385 4044 1393 4063 ⁰

1468 4134 1474 4141 ’
1551 4126 1733 4191 Syrus.

975 4302 1089 4370 Syri
1124 4302 1174 4351 in
1205 4303 1365 4353 Missa
1394 4310 1514 4369 post
1540 4300 2013 4355 consecrationem
2042 4303 2210 4353 Deum
2242 4307 2415 4365 orant,

866 4398 924 4439 ut
950 4406 1135 4457 panem
1158 4427 1172 4450 ,
1202 4398 1251 4438 et
1281 4390 1461 4438 vinum
1495 4390 1550 4438 in
1577 4389 1820 4457 Corpus,
1842 4398 1890 4439 et
1912 4389 2232 4456 Sanguinem
2264 4388 2416 4440 Chri·

866 4478 930 4527 sti
956 4478 1230 4539 immutet,
1262 4476 1486 4528 credunt
1516 4486 1685 4530 tamen
1720 4476 2338 4528 transubstantiationem
2362 4478 2411 4527 vi

863 4564 1146 4616 verborum
1168 4566 1601 4617 Consecrationis
1633 4566 1816 4616 factam
1837 4581 1979 4623 esse;
2009 4580 2122 4615 eam
2150 4581 2275 4615 vere
2297 4583 2411 4616 ora-

865 4653 1066 4704 tionem
1114 4653 1314 4706 addunt
1342 4653 1403 4703 ad
1436 4653 1752 4705 Sacramenti
1801 4652 2042 4704 effectum
2083 4669 2413 4722 consequen-

866 4740 991 4791 dum
1014 4779 1029 4805 ,
1057 4743 1090 4791 1.
1119 4742 1171 4793 2.
1201 4760 1247 4793 c.
1281 4743 1364 4794 15.
1394 4760 1447 4792 η.
1480 4743 1561 4793 18.

1610 4921 1656 4971 Τ

1483 5095 1759 5148 Tabae-um
1776 5134 1788 5158 ,

862 5226 936 5324 Α
972 5272 1184 5324 Tabaco
1213 5271 1406 5341 quovis
1433 5272 1596 5321 modo
1627 5270 1890 5322 sumendo
1920 5286 2019 5321 una
2046 5279 2183 5334 ante,
2206 5281 2254 5323 et
2288 5280 2408 5338 post

859 5364 1053 5413 Missae
1086 5358 1498 5413 celebrationem
1550 5358 1678 5409 hora
1709 5357 2080 5412 abstinendum
2133 5376 2248 5412 esse
2275 5375 2409 5411 non·

2160 537 2373 588 131)th
2410 535 2906 589 ALPHArstcTtitvs

2556 695 2687 743 nulli
2719 694 2968 759 Episcopi
3000 694 3154 743 etiam
3187 691 3283 741 suh
3315 690 3885 742 excommunicationis
3934 707 4114 760 poena

2554 783 2608 831 in
2657 783 2766 832 suis
2801 780 3032 848 Synodis
3059 789 3367 832 statuerunt.
3408 778 3655 847 Append.
3703 781 3754 830 9.
3784 779 3832 852 5.
3862 783 3927 831 ln
3950 798 4110 849 supe·

2553 870 2683 921 rius.
2715 870 2812 920 Atii
2846 880 3095 937 oportere
3123 869 3449 932 docuerunt,
3478 878 3534 919 ut
3558 869 3812 935 Episcopi
3844 877 4108 933 vetarent,

2551 977 2617 1010 ne
2646 969 2764 1008 ante
2792 962 2983 1010 Missae
3009 956 3445 1020 celebrationem,
3474 967 3559 1006 aut
3580 956 3941 1007 Eucharistiae
3964 974 4108 1007 sum·

2550 1049 2792 1114 ptiouem
2822 1047 3092 1100 Tabacum
3123 1055 3420 1098 sumeretur
3442 1084 3456 1107 ,
3488 1044 3579 1097 sed
3610 1044 3831 1094 nimiam
3862 1045 4106 1096 severita-

2548 1144 2651 1187 tem
2683 1145 3021 1204 praeceptum
3052 1135 3154 1186 hoc
3183 1135 3343 1186 hodie
3372 1134 3755 1202 praeseferret,
3817 1137 4103 1202 praecipue

2546 1223 2589 1274 si
2618 1240 2956 1275 censurarum
2988 1241 3161 1291 poena
3189 1223 3519 1291 adjiceretur.
3542 1220 3792 1291 Append.
3831 1210 3885 1275 0.
3915 1222 3962 1294 5.
3993 1223 4108 1274 llis

2540 1309 2786 1378 suffulti,
2818 1323 2870 1362 ee
2892 1329 3002 1379 seq.
3591 1329 3594 1334 ·

2653 1400 2924 1452 Tahacum
2963 1400 3052 1467 qui
3087 1401 3141 1449 in
3171 1399 3392 1450 Basilica
3420 1399 3688 1462 Vaticana,
3717 1400 3872 1449 autin
3911 1400 4096 1466 Hispa·

2545 1487 2708 1538 lensis
2755 1489 3028 1538 Dioecesis
3065 1488 3318 1538 Ecclesiis
3358 1496 3661 1552 sumerent,
3717 1486 3851 1537 olim
3894 1503 4109 1538 excom·

2548 1577 2964 1627 municationem
2996 1575 3361 1637 incurrebant,
3391 1576 3541 1644 quasi
3572 1574 3846 1627 Tabacum
3875 1575 4107 1624 nimiam

2542 1664 2987 1727 indecentiam,et
3015 1663 3404 1731 turpitudinem
3438 1665 3773 1730 importaret,
3794 1662 3866 1714 ib.
3895 1662 3996 1714 Alii
4028 1666 4105 1731 je·

2541 1755 2750 1821 junium
2781 1755 3018 1804 naturale
3049 1753 3215 1803 tabaci
3248 1770 3346 1803 usu
3382 1752 3552 1820 frangi
3584 1751 3852 1816 dixerunt,
3894 1752 3985 1804 sed
4013 1769 4105 1820 pa·

2541 1860 2656 1894 rum
2690 1842 3066 1911 probabiliter,
3099 1841 3171 1893 ib.

3191 1967 3423 2019 Tabella
3440 2006 3450 2016 .

2649 2107 2900 2160 Tabellae
2938 2115 3287 2172 secretarum,
3328 2117 3374 2159 et
3405 2107 3675 2174 Evangelii
3706 2125 3866 2176 super
3903 2107 4099 2158 Altaris

2538 2195 2833 2247 commodo
2875 2196 3220 2248 sacerdotum
3269 2195 3576 2248 introducta
3619 2205 3769 2260 sunt,
3813 2197 3850 2247 1.
3885 2199 3912 2247 1
3966 2214 4013 2246 c.
4041 2197 4099 2246 2.

2536 2300 2588 2334 n.
2616 2285 2666 2334 6.

2647 2373 2887 2433 Tabella,
2913 2372 2968 2422 in
2994 2391 3096 2440 qua
3124 2372 3372 2424 Crucifixi
3405 2373 3581 2440 imago
3599 2369 3807 2438 depicta
3826 2379 3924 2432 est,
3953 2387 4103 2422 nune

2535 2463 2590 2512 in
2620 2466 2780 2512 Mssssa
2811 2461 2872 2511 ad
2927 2462 3167 2511 osculum
3200 2461 3509 2528 praebetur,
3549 2458 3766 2527 quando
3806 2467 3924 2509 ante
3951 2475 4100 2508 com·

2535 2551 2848 2600 munionem
2893 2567 2991 2616 pax
3021 2548 3192 2598 danda
3230 2557 3328 2612 est,
3369 2557 3419 2600 et
3446 2566 3629 2616 quare,
3670 2548 3707 2597 l.
3745 2545 3800 2597 2.
3839 2564 3887 2597 c.
3914 2545 4002 2595 20.
4032 2564 4091 2596 n.

2531 2638 2620 2688 23.
2649 2640 2713 2689 V.
2764 2638 3051 2690 Osculum.

2644 2725 2920 2778 'Fabellam
2974 2727 3027 2774 in
3068 2723 3323 2774 Ecclesiis
3359 2722 3576 2790 publice
3615 2721 3810 2788 exponi
3852 2721 4090 2772 Concilii

2531 2814 2886 2880 Congregatio
2917 2812 3090 2878 jussit,
3112 2831 3212 2877 qua
3236 2811 3534 2862 ediceretur
3557 2811 3750 2860 Missae
3778 2809 4091 2860 celebratio-

2531 2919 2652 2952 nem
2686 2919 2783 2968 pro
2806 2901 3013 2950 collatis
3053 2901 3408 2966 eleemosynis
3438 2916 3546 2948 non
3578 2915 3693 2949 esse
3723 2898 3855 2947 ultra
3886 2896 4092 2948 hebdo-

2532 2989 2745 3038 modam
2795 2986 3174 3038 differendam.
3225 2985 3476 3052 Append.
3505 2987 3553 3037 8.
3589 2985 3637 3057 5.
3670 2983 3848 3036 Ilaud
3871 2984 4095 3036 absimi-

2531 3076 2632 3127 lis.
2673 3077 2735 3126 V.
2770 3073 3130 3141 Congregaeio
3166 3073 3427 3124 Concilii.

2638 3164 2857 3219 Tabella
2889 3182 3127 3220 aurorae,
3157 3172 3310 3213 ortus
3334 3163 3491 3227 solis,
3522 3160 3852 3223 meridiei,et
3880 3157 4088 3210 mediae

2526 3254 2700 3303 noctis
2731 3271 2756 3301 a
2784 3250 3073 3303 Benedicto
3101 3251 3237 3303 XIV.
3268 3250 3538 3320 descripta
3560 3288 3573 3301 .
3620 3247 3872 3319 Append.
3915 3250 3994 3299 10.
4026 3248 4087 3297 in

2528 3352 2622 3391 noe
2671 3337 2893 3407 influe.

3165 3463 3412 3515 Toxotio
3431 3504 3440 3513 .

2636 3603 2859 3655 Taxatio
2889 3604 3290 3670 eleemosynae,
3349 3620 3439 3655 seu
3470 3600 3728 3670 stipendii
3768 3617 3870 3670 pro
3900 3598 4083 3651 Missis

2525 3689 2857 3741 celebrandis
2901 3708 2926 3739 a
2954 3690 3345 3739 consuetudine
3376 3690 3591 3751 induci,
3629 3695 3680 3740 et
3707 3686 3770 3737 ab
3808 3686 4083 3754 Episcopo

2522 3787 2663 3828 extra
2692 3777 2966 3844 Synodum
2991 3778 3105 3828 [ieri
3147 3785 3345 3844 potest,
3374 3777 3673 3827 consultius
3702 3784 3876 3825 tamen
3908 3773 3961 3822 in
3991 3774 4080 3839 Sy-

2522 3865 2669 3915 nodo
2700 3866 2810 3917 lieri
2842 3865 3120 3916 consuevit
3141 3901 3155 3927 ,
3199 3866 3236 3916 l.
3267 3866 3317 3914 3.
3349 3882 3395 3915 c.
3426 3864 3513 3915 21.
3544 3881 3596 3914 n.
3629 3865 3712 3914 10.
3754 3874 3808 3913 et
3837 3864 3920 3912 11.
3949 3862 4084 3913 Haeo

2524 3954 2714 4004 taxatio
2744 3955 2882 4020 juxta
2923 3955 3194 4015 locorum,
3228 3962 3278 4005 et
3307 3962 3609 4023 temporum
3653 3948 4079 4003 circumstantias

2519 4043 2792 4095 statuenda
2816 4052 2914 4105 est,
2942 4061 2995 4094 n.
3040 4043 3122 4094 12.
3154 4042 3225 4095 ib.

2628 4132 2852 4184 Taxatio
2906 4131 3105 4199 pariter
3141 4132 3510 4196 eleemosynae
3547 4146 3647 4198 pro
3680 4129 3906 4189 Missas,
3945 4143 4077 4194 quaa

2521 4222 2770 4273 Testator
2797 4219 3051 4272 celebrari
3084 4218 3517 4287 praescripserit,
3557 4217 3673 4268 sine
3697 4224 3847 4268 certo
3877 4214 4079 4282 stipen-

2520 4308 2632 4369 dio,
2665 4309 2726 4358 ab
2759 4310 3051 4375 Episcopo,
3080 4324 3189 4357 non
3233 4306 3294 4358 ab
3327 4304 3646 4358 haeredibus
3673 4300 3946 4356 statuenda
3973 4310 4077 4366 est,

2520 4399 2552 4447 I.
2583 4397 2634 4447 3.
2665 4414 2708 4447 c.
2739 4397 2826 4446 22.
2857 4413 2910 4446 η.
2939 4397 2990 4446 8.

3143 4557 3425 4625 Templum
3443 4593 3454 4605 .

2629 4746 2854 4811 Templa
2894 4744 2957 4794 ab
2998 4741 3283 4810 Episcopis
3323 4739 3683 4792 consecranda
3729 4746 3879 4796 sunt;
3909 4746 3954 4786 at
3984 4735 4082 4788 be·

2515 4832 2688 4882 nealici
2733 4841 2956 4899 possunt
2998 4830 3061 4881 ab
3091 4831 3243 4892 aliis,
3276 4829 3309 4880 l.
3354 4831 3401 4879 1.
3432 4846 3478 4879 c.
3510 4831 3558 4879 1.
3599 4846 3651 4878 n.
3685 4828 3731 4876 1.
3761 4826 3910 4877 Ritus
3937 4841 4069 4874 eon-

2515 4919 2754 4970 secrandi
2787 4920 3015 4987 Templa
3044 4936 3106 4969 ex
3135 4917 3294 4969 veteri
3327 4919 3674 4969 Testamento
3705 4915 3758 4964 in
3781 4930 3977 4963 novum
4007 4928 4080 4963 ex

2514 5006 3179 5075 Apostolicainstitutione
3208 5006 3477 5058 traductus
3501 5013 3599 5071 est,
3632 5006 3666 5055 l.
3702 5005 3749 5053 1.
3780 5019 3829 5053 c.
3861 5003 3907 5050 1.
3937 5019 3986 5051 n.
4019 5000 4082 5052 8.

2513 5109 2563 5147 ee
2588 5098 2639 5146 t).
2668 5098 2731 5147 V.
2766 5095 3118 5147 Consecratt'o
3143 5133 3154 5144 .

2622 5185 2847 5250 Templa
2889 5183 3080 5251 primis
3119 5182 3382 5233 Ecclesiae
3435 5177 3773 5247 temporibus
3824 5178 4031 5228 fuerunt
4068 5216 4085 5239 ,

2511 5272 2884 5333 Dominierum,
2912 5273 3126 5324 Domus
3148 5269 3275 5330 Dei,
3308 5267 3577 5328 Basilica,
3601 5265 3897 5328 Memorio,
3926 5266 4084 5314 Mar-

2511 5360 2736 5428 tyrium,
2770 5372 2818 5410 ce
2857 5358 3069 5410 Titulus
3096 5356 3526 5424 appellabantur,
3566 5354 3598 5402 1.
3649 5355 3698 5402 1.
3729 5369 3774 5401 c.
3809 5355 3855 5402 1.
3888 5369 3940 5400 n.
3985 5352 4044 5401 5.
