4487 6316
454 625 634 671 alumni
637 625 672 670 is

455 686 598 728 Saravi·
707 689 749 729 e(

454 742 696 802 counyeri.

977 476 1049 529 40

787 639 907 696 ιιιι,
937 640 1095 702 quae
1133 631 1354 688 temere
1387 628 1620 708 scripsit
1649 630 1861 692 Petrus
1901 630 2116 692 Suavis
2142 632 2352 695 adven.-

793 736 894 777 sus
927 717 1350 780 Tridentinum
1376 721 1736 797 Decretum,
1765 724 1928 804 quod
1961 723 2238 805 superius
2266 735 2358 788 at·-

793 813 1083 893 tuiimus,
1112 814 1285 895 quasi
1312 816 1634 878 obscurum
1658 818 1785 900 sit,
1821 820 2120 898 Ecclesiae
2145 821 2348 884 unita-

789 916 909 970 tem
947 859 1145 971 laedat
1186 909 1611 992 fideliumque
1649 914 1973 995 pietatem,
2024 935 2349 998 pugnaque

784 1001 864 1064 sit
890 1003 1204 1065 manifesta
1218 1003 1384 1066 inter
1401 1006 1696 1069 loannem
1719 1007 2035 1083 Octavum,
2059 1007 2347 1072 Sanctum

782 1098 1142 1188 Gregorium
1181 1099 1555 1180 Septimum,
1597 1111 1678 1164 et
1693 1102 2109 1166 Tridentinam
2151 1104 2346 1188 Syno-

783 1191 968 1264 dum:
998 1192 1224 1274 quibus
1262 1194 1546 1257 omnibus
1571 1195 1867 1266 calculum
1896 1216 2072 1280 suum
2114 1198 2349 1262 addidit

786 1305 960 1348 recen
970 1287 1230 1350 tissimus
1238 1289 1472 1372 Sriptor
1485 1289 1812 1373 Courayer‚
1827 1292 1934 1372 qui
1947 1312 2119 1355 suam
2133 1292 2349 1356 misere

787 1381 1156 1468 consumpsit
1170 1403 1414 1465 operam
1442 1382 1505 1444 in
1531 1383 1785 1448 historia
1805 1386 2055 1447 Concilii
2080 1388 2347 1468 ejusdem

782 1474 998 1537 Suavis
1016 1497 1094 1539 ex
1114 1478 1359 1540 Italico
1342 1499 1404 1539 ιιι
1424 1479 1724 1541 Gallicum
1745 1500 2081 1543 sermonem
2100 1502 2348 1547 conver-

780 1571 987 1645 tenda,
1011 1590 1203 1653 eaque
1222 1573 1532 1635 venenatis
1552 1574 1917 1655 quibusdam
1942 1576 2346 1647 adnotationi-
2345 1587 2351 1593 ·

783 1665 899 1727 bus
940 1659 1396 1750 adspergenda,
1446 1677 1517 1731 ut
1558 1679 1810 1750 apparet
1850 1690 1928 1733 ex
1972 1671 2348 1752 praefatione

783 1778 925 1843 pag.
960 1764 1059 1822 24.
1104 1770 1338 1832 ettom.
1386 1767 1444 1824 2.
1494 1762 1603 1825 lib.
1654 1770 1712 1825 6.
1766 1784 1902 1846 pag.
1935 1770 2072 1826 520.
2105 1770 2341 1827 ιιοιιι4.

785 1853 1101 1928 Quaenam
1138 1863 1287 1918 oeset
1323 1855 1537 1918 Suavis
1574 1866 1634 1919 et
1671 1832 1997 1939 Gourayeri
2040 1858 2344 1933 conditio,

780 1949 1088 2029 quodnam
1115 1950 1459 2013 institutum
1483 1997 1500 2024 ‚
1529 1952 1679 2017 satis.
1700 1961 1933 2015 constat
1970 1941 2049 2015 ei
2078 1905 2344 2016 Bossueti

778 2043 1103 2107 Meldensis
1127 2045 1405 2126 Episcopi
1431 2046 1684 2108 historia
1706 2047 2126 2109 Variationum
2145 2049 2255 2112 lib.
2283 2055 2340 2110 7.

780 2160 843 2201 ιι.
887 2144 1019 2203 108.
1059 2160 1196 2223 pag.
1230 2145 1370 2203 447.
1398 2187 1417 2216 ,
1463 2149 1526 2203 et
1548 2143 1944 2205 exPastorali
1974 2145 2347 2206 Documento

776 2232 1224 2316 Archiepiscopi
1277 2236 1732 2299 Ebredunensis
1760 2282 1777 2310 ,
1833 2238 1941 2317 qui
1974 2238 2346 2318 nuperrime

779 2328 1117 2391 Cardinalis
1141 2337 1378 2392 creatus
1395 2339 1505 2403 est,
1533 2331 1697 2411 quod
1720 2332 1879 2413 typis
1898 2332 2188 2396 Parisien.
2211 2345 2348 2414 p‘ro-

778 2424 894 2487 diit
917 2444 1020 2488 an.
1060 2431 1233 2488 1738.
1268 2426 1557 2492 adversus
1582 2434 1755 2508 notas
1775 2470 1793 2499 ,
1822 2434 1883 2488 et
1910 2425 2345 2489 traductionem

776 2520 1127 2602 Courayeri.
1172 2521 1395 2582 Notum
1429 2529 1521 2583 est
1553 2520 1837 2582 omnibus
1859 2567 1876 2594 ,
1919 2522 2345 2604 quamgperni

774 2613 935 2676 ciosa
959 2614 1232 2676 doctrina
1278 2614 1511 2695 ubique
1553 2623 1776 2677 scateat
1813 2614 1982 2696 Opus
2015 2616 2344 2698 Courayeri

776 2727 940 2771 nunc
966 2709 1240 2771 Doctoris
1258 2708 1324 2769 in
1359 2709 1761 2771 Universitate
1788 2709 2114 2772 Oxoniensi
2140 2756 2156 2784 ‚
2188 2731 2346 2792 quae

777 2801 940 2864 clare
955 2802 1274 2865 discutitur
1298 2802 1359 2863 in
1384 2804 1655 2885 praefato
1682 2806 2052 2866 Documento
2075 2806 2346 2870 Pastora·

776 2894 845 2956 li.
884 2896 999 2959 Sed
1028 2916 1150 2958 non
1180 2905 1300 2958 tam
1323 2896 1421 2959 his
1447 2898 1854 2978 Scriptoribus
1875 2898 2057 2960 fidem
2080 2900 2346 2964 detrahit

777 2991 1045 3072 partium
1070 2991 1384 3066 studium,
1413 3011 1600 3072 quam
1634 2992 2039 3060 validissimae
2080 2994 2344 3057 rationes

772 3104 958 3166 supra
983 3084 1203 3147 allatae
1240 3105 1450 3148 eorum
1487 3086 1646 3148 dicta
1683 3095 1980 3149 evertunt.
2028 3087 2149 3149 Nec
2194 3109 2341 3152 vero

773 3181 900 3242 ulla
938 3181 1094 3255 inter
1133 3181 1561 3243 Tridentinum
1590 3182 1927 3244 Concilium
1952 3192 2012 3245 et
2044 3183 2342 3245 Joannem

659 3273 662 3276 ’
773 3273 1075 3337 Octavum
1142 3275 1615 3356 deprehenditur
1684 3277 2120 3358 discrepantia.
2178 3279 2341 3341 Illud

484 5069 731 5132 Bsplicstur

433 5130 551 5173 locos
669 5132 730 5175 D.

356 5240 361 5243 Π
433 5184 574 5231 mn.

771 3369 938 3429 enim
982 3370 1280 3440 duntaxat
1307 3371 1368 3431 S.
1402 3370 1680 3452 Synodus
1713 3373 2174 3452 pronunciavit,
2217 3374 2341 3437 Pa-

773 3466 953 3525 tribus
979 3468 1164 3524 cisum
1189 3486 1297 3526 esse
1321 3486 1438 3525 non
1464 3468 1759 3545 expedire,
1789 3479 1853 3528 ιιι
1876 3471 2106 3548 wlqari
2127 3468 2341 3550 passim

775 3559 1035 3637 “nquam
1065 3559 1322 3657 (Missa)
1351 3562 1745 3633 celebraretur,
1777 3581 1886 3623 nec
1911 3562 2101 3625 alium
2136 3583 2344 3644 quem-

771 3655 960 3734 quam
983 3636 1434 3755 ‹pudemnavih
1475 3655 1590 3716 nisi
1618 3657 1724 3735 qui
1753 3656 2055 3719 affirmare
2079 3659 2336 3733 audeat,

774 3746 1007 3829 Limum
1040 3760 1263 3817 tantum
1291 3752 1522 3829 malam-i
1547 3750 1629 3813 M
1626 3754 1794 3811 zss‘am
1827 3754 2100 3814 celebrari
2129 3755 2336 3815 debere.

770 3843 843 3904 Id
883 3863 1028 3906 vero
1054 3863 1197 3921 ιιοιι
1208 3845 1562 3907 adversatur
1590 3844 1841 3907 Indulto
1866 3847 2119 3908 Joannis
2157 3848 2328 3910 vul.

771 3938 880 4019 qui
907 3946 1103 4002 certae
1127 3939 1369 4002 cuidam
1400 3940 1579 4002 Genti
1601 3940 1783 4023 justis
1808 3959 1878 4002 ac
1903 3941 2122 4004 validis
2149 3942 2337 4003 ratio-

772 4032 955 4095 nibus
986 4034 1273 4117 concessit
1317 4035 1381 4095 in
1427 4035 1788 4097 celebranda
1837 4035 2020 4098 Missa
2061 4055 2338 4099 sermone

771 4128 861 4190 uti
888 4129 1233 4191 vernaculo.
1275 4130 1484 4210 Neque
1521 4136 1792 4212 pugnant
1819 4129 1978 4191 inter
2005 4149 2069 4192 se
2106 4130 2335 4211 Grego-

772 4224 848 4285 rii
888 4233 947 4286 et
978 4225 1229 4287 Joannis
1264 4224 1607 4305 Epistulae:
1642 4244 1760 4284 non
1790 4233 1879 4284 est
1904 4223 2067 4284 enim
2109 4242 2334 4289 novum

768 4308 1189 4401 indisciplina
1212 4365 1230 4393 ,
1274 4329 1344 4381 ut
1376 4319 1538 4399 quod
1586 4325 1764 4378 antea
1805 4316 1938 4379 fieri
1977 4317 2336 4398 permissum

771 4413 910 4489 fuit,
941 4416 1191 4477 vetitum
1221 4424 1425 4497 postea
1438 4413 1527 4475 (sit
1544 4418 1791 4493 propter
1821 4411 2220 4488 incommoda,
2242 4415 2336 4476 of-

773 4504 1073 4585 fensiones
1104 4517 1164 4570 et
1201 4506 1487 4593 scandala
1511 4551 1528 4578 ,
1559 4523 1717 4585 quae
1744 4504 1886 4566 inde
1924 4507 2173 4568 suborta
2210 4507 2339 4569 fue-

767 4603 914 4678 rint,
944 4622 1223 4685 quaeque
1244 4602 1295 4662 is
1314 4620 1435 4661 non
1465 4599 1860 4678 prospexerit,
1891 4600 1998 4679 qui
2032 4600 2174 4662 talia
2188 4622 2334 4664 con-

771 4699 961 4760 cessit.
985 4692 1277 4757 Videatur
1294 4694 1470 4756 Card.
1494 4692 2124 4756 Pallavicinushistor.
2148 4696 2326 4757 Conc.

769 4792 1039 4852 Trident.
1074 4788 1182 4849 lib.
1219 4793 1312 4848 18.
1346 4805 1475 4866 cap.
1514 4792 1608 4849 10.
1641 4795 1702 4847 et
1728 4787 1959 4848 Natalis
1987 4786 2332 4851 Alexander

765 4886 924 4947 Hist.
955 4882 1293 4950 Ecclesiast.
1325 4880 1562 4943 saeculo
1595 4886 1688 4993 ¹5.
1728 4889 1789 4942 et
1805 4886 1914 5001 16.
1953 4882 2205 5012 dissert..
2231 4889 2325 4963 12.

767 4990 883 5043 art.
916 4983 1010 5040 12.
1280 5008 1283 5011 ’

894 5078 985 5135 16.
1026 5070 1289 5146 Quidam
1334 5089 1465 5150 cap.
1502 5072 1561 5130 4.
1608 5068 1780 5149 epist.
1839 5074 1894 5130 1.
1929 5070 2005 5131 ad
2050 5004 2350 5133 Corinth.

770 5167 1067 5259 oinciunt
1091 5166 1376 5230 adversus
1402 5183 1515 5237 ea,
1547 5182 1704 5244 quae
1724 5162 2013 5245 hactenus
2039 5164 2340 5241 diximus;

767 5282 890 5344 quo
910 5263 1181 5344 probare
1200 5258 1602 5330 contendunt,
1627 5256 1878 5321 Missam
1905 5240 2182 5339 populari
2205 5276 2332 5323 esse

766 5376 1041 5420 sermone
1066 5354 1512 5425 celebrandam,
1542 5352 1646 5413 sed
1672 5350 1917 5414 frustra.
1946 5353 2144 5415 Divus
2165 5352 2329 5415 enim

768 5444 994 5517 Paulus
1013 5442 1299 5533 loquutus
1315 5457 1403 5512 est
1424 5441 1766 5529 tantum de
1774 5446 1935 5511 dono
1951 5447 2326 5535 linguarum,
2347 5514 2364 5529 „

1668 485 1756 536 DE
1782 485 2271 542 sAcRosANCTo
2307 487 2526 545 MISSAE
2563 441 2944 543 SACstlssfflO

2460 651 2570 695 nec
2606 633 2942 714 quidquam
2977 632 3146 697 aliud
3171 632 3290 699 sibi
3334 633 3531 701 voluit
3552 678 3573 717 ,
3617 653 3804 715 quam
3835 643 3904 697 ιιι
3931 635 3971 695 ii
3998 681 4019 709 ,

2458 730 2566 810 qui
2593 729 2822 791 donum
2838 728 3205 811 *linguarum
3242 728 3681 802 obtinuissent,
3716 749 4020 791 sermones

2458 824 2750 887 habentes
2794 824 2869 886 ad
2915 824 3355 908 populum,-ea
3400 823 3610 906 lingua
3661 832 4016 897 uterentur,

2458 937 2617 1000 quae
2640 919 2924 982 omnibus
2947 918 3054 999 qui
3082 917 3407 992 audirent,
3448 918 3785 987 communis
3824 926 3980 979 esset
3998 963 4015 990 ‚

2458 1033 2580 1075 non
2632 1032 2791 1094 quae
2851 1013 3232 1087 auditoribus
3285 1013 3587 1095 incognita
3641 1014 3719 1074 ad
3775 1013 4020 1074 inanem

2457 1108 2915 1184 ostentationem
2932 1108 3347 1190 adhiberetur.
3371 1108 3706 1178 videantur
3722 1107 4020 1168 Grimaud

2457 1198 2731 1285 Liturgia
2785 1222 2952 1264 sacra
2988 1201 3119 1283 par.
3157 1207 3211 1266 1.
3242 1222 3372 1283 cap.
3411 1207 3504 1262 12.
3559 1202 3626 1262 in
3671 1201 3794 1263 fine
3817 1247 3833 1273 ‚
3870 1202 4016 1261 Boc-

2457 1297 2677 1379 quillot
2701 1295 2982 1360 Tractatu
3010 1297 3311 1360 Historico
3336 1317 3539 1360 sacrae
3566 1296 3878 1379 Liturgiae
3901 1296 4012 1357 lib.

2463 1396 2517 1453 1.
2549 1412 2678 1473 cap.
2730 1397 2824 1453 11.
2856 1388 2918 1453 in
2958 1391 3112 1459 fine.
3135 1389 3410 1472 Denique
3452 1392 3862 1454 Renaudotius
3888 1389 4024 1452 Col-⁶

2456 1484 2589 1548 lect.
2614 1480 3023 1569 Liturgiarum
3034 1487 3436 1567 Orientalium
3462 1495 3602 1547 tom.
3627 1491 3680 1547 1.
3707 1507 3842 1567 pag.
3869 1492 4009 1548 207.

2407 1589 2627 1643 >recte
2653 1590 2895 1658 monet,
2944 1578 3235 1664 tanquam
3290 1602 3519 1657 nov-um
3563 1591 3623 1644 et
3671 1581 4016 1643 inauditum

2455 1676 2768 1758 quidpiam
2789 1696 2848 1746 va
2877 1673 3360 1756 ‚protestantibus
3395 1676 3545 1738 illud
3583 1678 3765 1738 nobis
3797 1697 4018 1757 expro-

2385 1826 2392 1834 .
2450 1772 2662 1844 brari,
2691 1772 2855 1853 quod
2887 1771 3156 1853 linguam
3193 1772 3498 1852 plerisque
3536 1771 3901 1853 incognitam
3949 1772 4016 1837 in

2417 1913 2418 1916 η
2455 1865 2813 1928 celebranda
2855 1866 3038 1929 Missa
3077 1865 3513 1938 exhibeamus,
3549 1876 3688 1934 cum
3731 1885 3844 1939 ea,
3891 1885 4016 1946 qua

2439 1960 2523 2023 ¹in
2535 1956 2842 2052 Liturgiis
2875 1960 3213 2026 Orientales
3241 1969 3538 2033 utuntur,
3589 1953 3798 2043 lingua
3828 1961 4018 2023 multo

2456 2054 2756 2135 pluribus,
2785 2074 2971 2135 quam
2998 2055 3159 2135 apud
3186 2049 3297 2117 nos
3325 2055 3561 2128 Latina,
3593 2055 3896 2136 incognita
3915 2056 4016 2128 sita

2453 2168 2674 2229 paucos
2698 2148 2863 2211 enim
2877 2150 3044 2230 apud
3070 2169 3180 2212 nos
3205 2150 3550 2211 Sacerdotes
3577 2150 3838 2229 reperies
3857 2150 4017 2214 Lati-

2455 2264 2570 2307 nae
2593 2244 2838 2353 linguae
2877 2245 3224 2325 imperitos,
3210 2267 3225 2283 ·
3253 2254 3462 2307 contra
3504 2247 3668 2325 apud
3701 2246 4017 2326 AEgyptios

2455 2339 2798 2421 paucissimi
2825 2348 3004 2414 sunt,
3047 2339 3156 2421 qui
3199 2340 3472 2422 linguam
3511 2341 3758 2420 Coptam
3788 2339 4015 2400 intelli-

2454 2444 2638 2517 gant:
2670 2456 2767 2497 aec
2809 2446 2994 2496 lamen
3019 2436 3228 2496 ideirco
3253 2436 3515 2495 desinunt
3551 2437 3873 2514 aeqyptius-0
3908 2432 4016 2494 ιι·-

2456 2532 2676 2610 tnrqt'os
2694 2531 2968 2593 celebrare
2995 2550 3148 2592 suae.

2911 2747 2918 2752 -
3023 2717 3276 2782 CAPUT
3315 2719 3428 2782 111.

2937 2855 3024 2968 De¹
3066 2906 3283 2969 Missae
3327 2909 3516 2968 tuitio.

2456 3100 2510 3158 1.
2562 3045 2795 3161 Nemo
2820 3049 3038 3178 estqui
3060 3096 3317 3173 nesciat,
3350 3095 3730 3160 Sacerdotem
3756 3101 4015 3160 stantem
4057 3103 4288 3148 Accedent·
4299 3103 4348 3149 nd

2449 3200 2588 3254 ante
2615 3192 2839 3254 Altaris
2864 3193 3132 3300 gradus
3114 3214 3179 3254 ιιι
3221 3193 3402 3274 plano
3427 3190 3764 3263 Ecclesiae,
3804 3191 4010 3252 Crucis
4053 3221 4118 3264 Α..

2449 3285 2620 3368 signo
2647 3286 2935 3349 Missam
2920 3287 3205 3369 incipere,
3235 3289 3399 3349 unde
3423 3307 3500 3349 ex
3528 3284 3864 3365 Apostolica
3896 3293 4014 3349 trae·
4051 3278 4347 3388 Qfflbw

2449 3380 2682 3441 ditione
2724 3400 2972 3442 suarum
3008 3381 3284 3442 omnium
3325 3380 3632 3443 actionum
3680 3377 4007 3440 Christiani
4051 3395 4148 3436 ιω.

2449 3482 2700 3536 sumunt
2723 3474 2991 3548 initium,
3021 3475 3183 3567 quod
3213 3474 3406 3536 tradit
3420 3471 3830 3534 Tertullianus
3849 3471 4011 3533 libro

2449 3569 2524 3630 de
2542 3569 2775 3632 Corona
2785 3569 2997 3631 Militis
3015 3590 3144 3648 cap.
3165 3576 3221 3630 3.
3240 3570 3565 3648 Postquam
3591 3568 3846 3648 sesiguo
3864 3567 4013 3627 Cru-

2449 3662 2534 3724 cis
2579 3663 2938 3747 signaverit,
2978 3660 3549 3741 dicitAntiphonam
3584 3659 3857 3721 Introibo:
3887 3660 4012 3739 qua

2450 3756 2604 3817 nihil
2646 3755 3187 3819 accommodatius.
3223 3755 3448 3821 Graece
3489 3754 3653 3815 enim
3683 3754 4015 3835 Antiphone

2448 3851 2821 3930 reciprocum
2860 3859 2919 3912 et
2956 3847 3260 3911 alternum
3298 3857 3542 3910 cantum
3569 3848 3913 3930 significat·
3949 3857 4012 3911 et

2447 3943 2510 4004 in
2543 3953 2802 4025 utraque
2821 3942 3084 4027 Ecclesia
3106 3942 3321 4004 Latina
3342 3948 3402 4003 et
3430 3938 3654 4004 Graeca
3683 3962 3811 4031 mos
3839 3942 3944 4003 ille
3967 3961 4006 4004 a

2446 4046 2663 4118 quarto
2686 4057 2879 4117 usque
2903 4023 3139 4116 sacculo
3166 4024 3448 4109 invaluit,
3470 4028 3540 4098 ut
3558 4036 3777 4101 Psalmi
3809 4055 3846 4097 a
3861 4037 4013 4098 duo-

2446 4132 2560 4194 bus
2603 4131 2803 4194 choris
2824 4131 3221 4217 recitarentur
3247 4132 3537 4205 alternis,
3578 4152 3684 4194 seu
3726 4150 4014 4193 caneren-

2413 4220 2416 4221 ’
2447 4233 2546 4286 ιιιι·
2567 4271 2584 4299 ,
2630 4235 2692 4288 et
2716 4240 2857 4307 pars
2882 4226 3180 4306 quaedam
3222 4227 3485 4301 Psalmi,
3515 4246 3674 4307 quae
3707 4225 4006 4306 praesenti

2445 4320 2665 4383 actioni
2709 4321 3097 4395 conveniret,
3136 4322 3605 4415 praecineretur.
3639 4322 3852 4401 Itaque
3887 4320 4008 4381 ini-

2448 4416 2531 4478 ti'o
2565 4416 2782 4479 Missae
2815 4417 2985 4478 nihil
3013 4412 3214 4498 aptius
3254 4438 3325 4481 ea
3366 4416 3717 4498 Antiphona
3753 4414 4010 4494 reperiri

2445 4509 2684 4590 potuit,
2732 4518 2802 4571 ut
2833 4511 2987 4572 bene
3027 4501 3372 4573 observavit
3416 4511 3501 4571 Le
3528 4511 3719 4570 Brun.
3766 4516 3911 4570 tom.
3948 4514 4003 4570 1.

2445 4624 2598 4759 p'agss
2605 4609 2943 4760 ‚¹(l?salmus
2977 4707 3068 4760 est
3100 4702 3198 4759 42.
3230 4697 3443 4759 Judica
3478 4719 3564 4759 me
3597 4696 3788 4769 Deus,
3817 4716 4004 4777 quem
4043 4710 4143 4751 νωι
4218 4709 4338 4752 rut-

2443 4791 2637 4854 David
2665 4794 2794 4853 Rex
2820 4793 3074 4866 cecinit,
3104 4811 3243 4853 cum
3268 4791 3468 4871 patria
3492 4791 3737 4867 absens,
3769 4799 3837 4851 ut
3856 4792 4002 4853 Sau
4042 4779 4112 4807 Μ’
4041 4767 4229 4864 ...Ἣᾙ
4216 4767 4340 4876 “⁶4⁶⁸

2444 4884 2562 4948 lis
2545 4906 2700 4947 iram
2743 4886 3000 4959 vitaret,
3038 4905 3101 4946 se
3129 4884 3254 4964 ipse
3281 4883 3592 4946 solabatur
3634 4903 3739 4964 spe
3762 4885 3999 4947 Jeroso-
4039 4837 4158 4979 ,ἔξω
4174 4880 4337 4985 ‘¹²:0⁰'st

2442 4953 2670 5061 lymam
2709 4980 2949 5041 tandem
2994 4979 3330 5052 redeundi,
3376 4996 3500 5058 quo
3531 4978 3650 5045 sibi
3684 4978 3890 5040 liceret
3921 4979 3999 5040 ad

2424 5072 2645 5146 ,Altare
2692 5073 2938 5135 Domini
2989 5073 3268 5135 accedere
3315 5081 3392 5150 et,
3417 5072 3711 5136 sacrificia
3754 5046 3995 5134 offerre.

2419 5164 2662 5227 ‘Psalmi
2684 5164 2867 5248 hujus
2892 5186 3070 5227 suum
3095 5166 3356 5247 quisque
3381 5185 3622 5251 versum
3643 5165 3893 5227 alternis
3911 5185 4004 5226 re-

2440 5258 2629 5321 citant
2670 5261 2955 5323 Sacerdos
2980 5269 3041 5323 et
3066 5261 3341 5323 Minister
3364 5282 3398 5334 3,
3417 5271 3799 5346 communem
3836 5260 4003 5321 enim'

2440 5361 2675 5433 oportet
2695 5374 2822 5416 esse
2855 5350 3172 5434 utriusque
3212 5354 3287 5415 ad
3311 5353 3517 5414 Altare
3553 5353 3886 5415 accedentis
3925 5352 3999 5414 fi-

2438 5445 2677 5508 duciam
2699 5456 2760 5509 et
2790 5446 3170 5530 gaudiumbin
3206 5445 3496 5509 Sacrificii
3539 5446 3846 5522 oblatione
3865 5493 3883 5521 ,
3931 5456 4018 5535 ut¹

4057 3163 4269 3230 Alto-ren
4272 3163 4416 3233 ibtl.
