4487 6316
534 2293 570 2330 n
683 2293 693 2331 s

469 2294 768 2461 1,ᾙῇἓὲ
794 2377 950 2438 quae
977 2358 1174 2420 oritur
1198 2379 1273 2421 ex
1298 2366 1536 2439 accepta
1563 2357 1940 2444 eleemosyna
1965 2401 1981 2428 ,
2012 2375 2196 2435 quam
2224 2353 2333 2414 Sa-

471 2471 630 2518 nepe-m
646 2463 757 2506 ele·-
795 2451 1001 2516 cei-dos
1028 2451 1560 2532 pro-applicatione
1587 2449 1899 2530 acceperit.
1938 2451 2135 2528 Atque
2176 2445 2333 2507 mul-

468 2531 756 2632 3¹:2²⁰..ss

470 2641 660 2678 tuuntur·

997 522 1097 572 176

820 665 1032 725 Missae
1049 684 1120 744 .q.
1152 669 1295 725 483.
1344 664 1454 724 ubi
1506 665 1875 745 Scriptorum
1925 663 2171 743 utrique
2208 682 2378 728 sens

822 756 1042 818 tentiae
1095 758 1556 840 suffragantium
1594 759 1974 820 auctoritates
2026 758 2340 838 congerit3

714 933 717 935 ‚
814 850 916 910 sed
945 851 1277 914 communis
1302 851 1651 912 ea·videtur
1693 871 1818 913 esse
1839 896 1856 923 ,
1889 850 2361 934 applicationem.

813 943 867 1003 ei
890 945 1194 1023 prodesse,
1245 946 1340 1007 cui
1372 946 1662 1007 Sacerdos
1690 945 1945 1014 intendit
1996 945 2302 1025 applicare
2328 965 2343 1004 ε

813 1058 934 1098 non
952 1038 1112 1100 enim
1134 1040 1417 1101 Sacerdos
1438 1039 1724 1102 Sacrificii
1746 1039 2348 1119 dumtaxat‘Minister

810 1139 925 1213 est,
942 1133 1043 1193 sed
1071 1133 1250 1195 etiam
1273 1134 1655 1215 Dispensator
1673 1135 1731 1195 vi
1755 1154 1898 1196 suae
1908 1133 2341 1207 Ordinationis3

809 1227 1017 1306 itaque
1039 1236 1107 1288 ut
1133 1228 1204 1315 in*
1223 1228 1592 1291 conficiendo
1612 1229 1998 1290 Sacramenta
2030 1228 2108 1289 ab
2137 1234 2341 1289 aucto-

805 1321 984 1383 ritate
1015 1341 1135 1383 non
1167 1324 1383 1402 pendet
1429 1323 1767 1403 Superioris
1791 1371 1806 1393 ,
1832 1323 1946 1385 ’ita
1994 1330 2346 1402 potestatem

803 1415 987 1478 habet
1010 1417 1066 1477 ei
1097 1416 1468 1479 Sacrificium
1496 1417 1858 1497 applicandi,
1908 1417 2004 1478 cui
2039 1416 2300 1477 voluerit
2320 1460 2336 1476 .

806 1510 962 1602 yide
996 1511 1357 1573 Clericatum
1384 1512 1563 1573 decis.
1601 1517 1697 1573 36.
1738 1533 1800 1572 n.
1854 1517 1953 1573 25.
2020 1513 2093 1572 de
2120 1510 2334 1572 Sacris.

805 1603 1019 1667 Missae
1033 1649 1048 1665 .
1076 1606 1361 1666 Ea'mdem
1382 1606 1789 1686 quaestionem
1809 1615 2081 1668 accurate
2099 1604 2341 1666 discutit

805 1698 987 1760 etiam
1012 1698 1349 1771 Cardinalis
1374 1700 1450 1767 de
1484 1701 1648 1781 Lugo
1669 1701 1744 1762 de
1773 1700 2035 1761 Sacram.
2074 1698 2334 1759 Euchar.

801 1791 954 1872 disp.
992 1798 1084 1854 19.
1122 1801 1263 1856 sect.
1307 1798 1400 1854 10.
1433 1814 1495 1854 n.
1525 1799 1662 1855 210.
1694 1801 1754 1855 et
1800 1812 1924 1873 seq.
1963 1791 2069 1872 qui
2120 1791 2334 1865 docet,

801 1887 992 1948 Deum
1016 1886 1094 1949 ad
1120 1874 1510 1949 intentionem
1536 1887 1827 1968 respicere
1854 1932 1872 1960 ,
1920 1905 2103 1967 quam
2130 1886 2337 1947 Sacer-

801 1981 909 2041 dos
934 1981 1265 2055 habuerit„
1287 2001 1408 2042 non
1434 1999 1616 2062 quam
1649 1980 1874 2042 habere
1913 1979 2219 2041 debuisset
2239 1978 2334 2039 vel

800 2094 874 2133 ex
906 2083 1218 2156 praecepto
1263 2074 1600 2155 Superioris
1614 2120 1630 2148 ‚
1681 2074 1773 2135 vel
1802 2074 2035 2152 ratione
2080 2072 2336 2135 eleemo-
2373 2131 2378 2134 .

799 2187 983 2323 syn?
1005 2214 1443 2345 ‘Frequentior
1472 2246 1564 2325 est
1606 2215 1894 2345 obligatio
1943 2234 2328 2342 applicandi,

798 2554 855 2607 ta
887 2562 1029 2607 sane
1050 2545 1206 2606 hanc
1230 2546 1452 2618 iurem
1474 2544 1722 2622 dicenda
1748 2554 1927 2617 esset;
1960 2543 2061 2602 sed
2090 2561 2226 2602 cum
2258 2541 2332 2601 de

795 2639 911 2701 hoc
947 2647 1303 2720 argumento
1335 2639 1575 2720 abunde
1617 2637 1851 2719 loquuti
1897 2636 2082 2724 simus
2122 2629 2333 2696 Edicto'

797 2739 895 2796 56.
926 2733 1204 2796 editionis
1224 2733 1466 2806 latinae,
1481 2733 1722 2814 juvabit
1747 2731 1919 2794 illinc
1939 2751 2126 2811 pauca
2144 2748 2331 2809 quae-

792 2829 931 2891 dam
960 2836 1228 2909 repetere
1251 2872 1270 2903 ,
1298 2836 1480 2908 atque
1506 2827 1577 2887 in
1597 2827 1760 2888 hunc
1790 2825 1985 2887 locum
2029 2825 2323 2886 conferre.

791 2923 877 2984 Ac
899 2922 1094 3002 primo
1117 2941 1238 2983 non
1260 2930 1350 2997 est
1372 2920 1659 2982 immunis
1677 2921 1756 2982 ab
1774 2918 2129 2999 applicanda
2146 2917 2329 2979 Missa

790 3015 862 3089 is,
883 3015 991 3096 qui
1019 3016 1455 3098 eleemosynam
1486 3014 1776 3095 acceperit
1807 3014 2097 3079 minorem
2119 3012 2324 3081 etiam,

788 3130 971 3192 quam
999 3129 1156 3192 quae
1172 3111 1258 3173 sit
1280 3113 1444 3174 Taxa
1471 3110 1865 3180 Dioecesana„
1881 3107 2170 3170 Secundo.
2202 3104 2324 3181 Qui

783 3226 822 3268 a
840 3206 1126 3286 pluribus
1170 3206 1374 3287 plures
1413 3206 1662 3287 exiguas
1687 3203 1979 3292 acceperit
2002 3201 2323 3283 eleemosy-

782 3319 892 3362 nas
917 3319 1026 3379 pro
1053 3298 1793 3373 Missarumxcelebratiene
1819 3304 1879 3357 et
1898 3292 2318 3376 applicatione,

779 3402 869 3454 tot
895 3400 1128 3455 tenetur
1162 3392 1467 3454 celebrare
1496 3399 1557 3453 et
1581 3391 1884 3471 applicare
1912 3385 2142 3460 Missas,
2171 3397 2321 3468 quot

779 3484 1183 3567 eleemosynas
1206 3486 1385 3566 'Juxta
1421 3494 1618 3546 taxam
1650 3475 2075 3544 Dioecesanam
2108 3500 2320 3541 cumu-

782 3577 1006 3659 lus-ille
1033 3579 1391 3660 exiguarum
1428 3575 1944 3659 eleemosynarum
1974 3574 2317 3655 suppedita-

781 3672 956 3734 verit.
989 3673 1209 3734 Tertioa
1240 3672 1362 3747 Qui
1391 3672 1827 3754 eleemosynam
1858 3669 2150 3749 acceperit
2180 3676 2320 3730 taxa

778 3766 1137 3842 Dioecoeana
1162 3770 1446 3852 majorem
1477 3787 1586 3847 pro
1613 3787 1739 3828 una
1760 3766 1938 3828 Missa
1955 3810 1971 3836 ,
2001 3763 2052 3830 si¹
2075 3764 2153 3824 ab
2181 3762 2317 3823 aliis

777 3861 1020 3924 Missam
1049 3860 1338 3923 celebrari
1371 3871 1579 3936 curet„
1609 3868 1849 3922 tenetur
1877 3856 2176 3940 quidquid
2215 3875 2315 3942 ac-

775 3956 1037 4038 ceperit,
1069 3955 1302 4018 tradere
1329 3954 1629 4042 Sacerdoti
1664 3953 1991 4016 celebranti
2020 3997 2036 4025 ,
2078 3949 2314 4014 etiamsi

774 4051 938 4112 hunc
981 4057 1249 4111 moneret
1274 4094 1292 4122 ,
1335 4068 1398 4109 se
1442 4048 1839 4129 pinguiorem
1862 4045 2316 4127 teleemosynam

773 4144 1063 4225 accepisse
1083 4189 1100 4216 ‚
1131 4142 1479 4223 volentique
1509 4151 1570 4203 et
1593 4140 1988 4203 consentienti
2018 4138 2311 4200 minorem

772 4232 1208 4319 eleemosynam
1232 4238 1491 4298 offerret.
1519 4231 1770 4310 Quarto.
1796 4234 1922 4295 Etsi
1947 4235 2174 4295 fructus
2199 4253 2317 4295 me-

773 4332 909 4393 dius
935 4331 1220 4394 Sacrificii
1250 4377 1267 4404 ,
1301 4350 1480 4414 quem
1507 4329 1792 4391 Sacerdos
1819 4336 2008 4409 potest
2034 4373 2052 4401 ,
2084 4327 2180 4387 cui
2211 4348 2312 4389 ve·

773 4426 891 4501 lit,
927 4427 1228 4507 applicare
1252 4471 1269 4500 ,
1305 4413 1736 4487 satisfactorias
1767 4423 1843 4483 sit
1868 4430 1930 4483 et
1960 4421 2309 4501 impetrato-

772 4521 900 4582 rius
925 4566 942 4592 ,
972 4540 1091 4581 non
1122 4521 1258 4582 licet
1282 4520 1582 4600 duplicem
1609 4517 2050 4598 eleemosynam
2080 4515 2309 4595 accipe-

770 4633 866 4687 re,
891 4612 1143 4675 alteram
1173 4623 1241 4675 ut
1265 4612 1596 4693 applicetur
1621 4610 1854 4682 fructus
1880 4607 2309 4670 satisfactorias

767 4716 913 4788 puta
935 4706 1112 4768 alicui
1142 4707 1441 4779 defuncto,
1467 4705 1719 4768 alteram
1741 4712 1811 4764 ut
1831 4701 2162 4783 applicetur
2185 4700 2307 4761 fru·'-

769 4801 1369 4881 ctus-impetratorius
1408 4798 1664 4879 exempli
1697 4817 1874 4860 causa
1914 4795 2094 4858 alicui
2130 4793 2302 4854 infir-

765 4916 885 4958 mo.
911 4896 1157 4982 Quinto.
1188 4897 1316 4956 Non
1347 4904 1534 4975 potest
1556 4892 1840 4955 Sacerdos
1860 4890 2126 4967 accipere
2144 4888 2301 4949 elee-

765 5006 1077 5071 mosynam
1100 5037 1115 5059 ,
1165 4999 1230 5049 ut
1261 4989 1439 5050 alicui
1479 4988 1732 5067 applicet
1776 4985 2037 5073 fructum
2072 4982 2302 5062 specia-

763 5078 1056 5149 lissimum
1086 5133 1101 5157 ,
1133 5084 1238 5165 qui
1265 5083 1380 5143 sibi
1410 5091 1478 5143 nt
1502 5080 1857 5149 sacrificanti
1889 5078 2158 5140 debetur.
2192 5076 2304 5158 Po-

686 5241 691 5247 .
761 5190 982 5244 stremo
1025 5179 1307 5241 Sacerdos
1333 5224 1348 5250 ,
1393 5176 1497 5257 qui
1531 5195 1774 5255 quoquo
1817 5173 1992 5234 modo
2025 5179 2299 5254 teneatur

760 5276 936 5337 certis
957 5275 1170 5335 diebus
1188 5271 1488 5356 applicare
1511 5270 1774 5341 Missam,
1798 5287 1919 5329 non
1941 5273 2133 5347 potest
2148 5264 2299 5325 elee-

761 5389 1073 5450 mosynam
1117 5368 1195 5431 ab
1218 5366 1358 5428 aliis
1391 5364 1655 5445 accipere
1686 5382 1795 5443 pro
1837 5359 2197 5424 celebranda
2237 5366 2299 5419 et

1819 522 1900 572 DF.
1938 519 2416 574 SACROSANCTO
2453 520 2667 572 MISSAE
2703 519 3080 573 sacrm-'1010

2453 661 2755 744 Tournel'y
2800 662 3191 732 Praelection.
3219 659 3566 743 Theologic.
3601 661 3693 724 de
3724 663 3990 726 Sacram.

2453 752 2713 819 Euchar.
2740 774 2871 837 par..
2904 763 2962 817 2.
2990 776 3130 839 pag.
3166 761 3302 819 349.
3337 767 3398 819 et
3423 776 3669 838 sequen.
3696 753 3857 820 edit.
3877 760 3991 821 Pa-

2455 849 2659 910 risien.
2695 850 2840 911 anni
2878 850 3051 911 1729.
3173 865 3181 874 ·
3254 919 3261 925 ,
3475 892 3482 897 ·

2445 1015 2451 1021 .
2572 950 2629 1004 6.
2662 945 2812 1005 Eam
2856 944 3037 1006 etiam
3077 945 3285 1006 eodem
3315 944 3528 1005 Edicto
3559 953 3762 1005 nestro
3806 958 3995 1030 quae·
4034 927 4333 1030 offiium

2452 1038 2705 1098 stionem
2753 1039 3251 1118 pertractavimus
3277 1084 3294 1111 ,
3340 1058 3418 1105 an
3460 1039 3566 1118 qui
3611 1038 3796 1101 ‚habet
3836 1029 3990 1100 onus
4034 1040 4333 1152 ‘2¹:⁸³0ss

2454 1134 2823 1192 solummmlo
2853 1134 3189 1195 celebrandi
3219 1179 3235 1205 ,
3253 1151 3376 1212 <pro
3400 1153 3521 1213 quo
3549 1133 3991 1215 eleemosynam
4032 1169 4128 1211 per·
4145 1155 4333 1199 enee-ao-

2452 1231 2833 1307 cunm-quitur
2863 1277 2875 1299 ‚
2927 1228 3105 1308 possit
3136 1227 3334 1301 aliam,
3363 1228 3803 1309 eleemosynam
3835 1227 3991 1289 acci·
4033 1223 4334 1330 32:2³&ss

2450 1343 2591 1399 pere
2611 1345 2720 1400 pro
2736 1323 3091 1401 applicanda
3124 1321 3480 1382 Missa..Nos
3511 1319 3657 1381 illuc
3683 1323 3989 1382 Lectorem
4023 1326 4176 1390 1⁶⁸⁰&-

2451 1423 2721 1474 nostrum
2740 1416 3152 1477 amandamus.
3177 1416 3424 1490 Monere
3448 1423 3651 1475 tamen·
3667 1423 3788 1474 ‘non
3814 1424 3989 1495 prae-

2448 1507 2863 1582 termittimuS,
2893 1509 3182 1590 quasdam
3209 1507 3459 1589 reperiri
3492 1504 3902 1570 Resolutiones
3924 1509 3986 1570 S.

2447 1602 2933 1685 Congregationis
2960 1650 2975 1676 ,
3007 1623 3163 1683 quae
3209 1603 3537 1664 declaravit
3567 1621 3735 1682 posse
3778 1596 3991 1665 Sacer·

2445 1696 2644 1757 dotem
2668 1741 2684 1769 ,
2717 1697 2811 1757 cui
2846 1696 3187 1759 celebrandi
3216 1712 3371 1758 onus
3396 1697 3711 1758 dumtaxat
3740 1696 3989 1776 imposi-

2447 1795 2575 1848 tum
2608 1798 2696 1851 est
2716 1835 2736 1863 ,
2767 1789 2950 1851 aliani
2983 1810 3095 1871 pro
3121 1789 3522 1871 applicatione
3547 1785 4006 1871 eleemosynam'

2445 1883 2744 1963 accipere,
2771 1892 2839 1946 ut
2862 1883 3069 1964 videre
3098 1893 3185 1945 est
3211 1884 3273 1944 in
3301 1903 3477 1946 causa
3506 1882 3988 1956 Tridentinaffi.

2442 1978 2588 2039 Julii
2640 1983 2812 2039 1630.
2867 1977 2960 2038 Aa
3009 1981 3261 2059 primum
3307 1980 3587 2059 rospondit
3606 2011 3627 2049 =,
3679 1998 3794 2037 non
3832 1998 3987 2058 poue
4026 2020 4153 2074 uin-⁸
4184 2047 4206 2073 a
4268 2029 4324 2073 ¹3-

2444 2074 2835 2152 elecmosynam
2857 2075 3116 2152 recipere,
3138 2083 3189 2134 et
3209 2073 3424 2132 duabus
3445 2070 3838 2133 oblationibus
3856 2074 3986 2131 uni·
4025 2091 4109 2130 nei
4126 2047 4324 2134 avboepcpeo

2438 2183 2508 2226 ca·
2529 2166 2715 2227 Missa
2745 2167 3067 2244 satisfacere
3095 2213 3112 2237 ,
3144 2169 3259 2226 nisi
3303 2168 3367 2233 in
3396 2167 3727 2245 svaudunum
3751 2164 3984 2234 cautum'
4021 2152 4328 2250 {fflffgffffi‘}

2437 2263 2532 2330 sit,
2548 2262 2694 2339 quod
2713 2281 2826 2320 non
2844 2259 3488 2342 *terwana-,Sacrificium
3506 2262 3812 2340 applicare.
3832 2260 3981 2320 Cum
4025 2260 4245 2319 opplieari,

2438 2374 2511 2416 ea
2533 2363 2861 2417 consonant
2887 2354 3299 2439 Resolutiones
3328 2354 3487 2417 aliae
3509 2355 3579 2414 in
3602 2373 3796 2439 causa·
3812 2353 4008 2415 Pien-

2440 2449 2565 2510 tina
2593 2449 2691 2510 die
2723 2453 2815 2510 14.
2859 2442 3005 2530 Maji
3057 2454 3231 2510 1639.
3264 2449 3328 2509 in
3372 2468 3550 2511 causa
3579 2449 3856 2510 Pet-uana
3883 2447 3983 2509 die

2444 2547 2535 2602 12.
2573 2543 2935 2619 Novembris
2964 2547 3133 2605 1640.
3164 2550 3228 2605 et
3250 2542 3567 2608 vicentina
3594 2548 3692 2603 23.
3723 2540 3979 2624 Augusti

2444 2641 2615 2697 1642.
2652 2639 2785 2698 Duo
2813 2657 2955 2698 vero
2981 2637 3101 2698 huc
3128 2637 3440 2719 adjicenda
3465 2636 3974 2698 existimavimus:

2437 2731 2699 2810 primum
2748 2741 2837 2792 est
2880 2726 2986 2812 q'ui
3030 2731 3472 2814 eleemosynam
3518 2729 3822 2812 acceperit
3864 2749 3977 2811 pro

2437 2825 2650 2887 Missae
2669 2825 3088 2906 applicatione,
3111 2845 3250 2887 eum
3273 2824 3461 2887 teneri
3484 2832 3605 2886 non
3632 2825 3807 2887 modo
3827 2824 3981 2910 eleo-5

2438 2939 2745 3002 mosynam
2769 2920 3040 2981 offerenti
3063 2921 3304 2982 Missam
3329 2913 3652 3000 applicare,
3675 2920 3775 2983 sed
3797 2918 3980 2980 etiam

2431 3014 2733 3094 applicare
2753 3016 2960 3076 eodem
2994 3022 3279 3094 tempore,
3302 3033 3424 3094 quo
3443 3014 3698 3079 offerens
3722 3012 3844 3074 sibi
3865 3010 3973 3091 ap-

2432 3107 2640 3189 plicari
2674 3129 2783 3190 pro
2806 3115 3014 3171 ‘rerum
3044 3120 3288 3172 suarum
3317 3109 3658 3172 conditione
3683 3108 3852 3189 petit3
3885 3107 3968 3171 ita

2429 3213 2540 3277 ut,
2584 3204 2633 3265 si
2680 3192 2963 3266 Sacerdos
3011 3204 3252 3266 Missam
3297 3201 3575 3265 celebret‘
3603 3213 3663 3266 et
3711 3203 3970 3284 applicet

2427 3307 2597 3360 extra
2629 3298 2781 3360 illud
2816 3306 3044 3378 tempus
3070 3344 3087 3370 ,
3120 3306 3180 3360 et
3208 3306 3378 3360 extra
3411 3298 3716 3360 offerentis
3742 3315 3964 3377 oppor-

2429 3392 2743 3458 tunitatem
2770 3437 2786 3465 ,
2826 3400 3098 3454 teneatur
3137 3392 3576 3473 eleemosynam
3622 3384 3960 3453 restituere.

2428 3485 2601 3567 Fingi
2645 3494 2834 3566 potest
2874 3506 3043 3547 casus
3081 3486 3145 3547 in
3175 3486 3339 3547 hunc
3378 3487 3667 3563 modum:
3709 3485 3959 3566 quidam

2424 3577 2860 3659 eleemosynam
2888 3577 3133 3659 praebet
3159 3624 3176 3651 ,
3207 3579 3294 3640 uti
3341 3579 3453 3639 sibi
3484 3579 3666 3642 Missa
3692 3580 3979 3640 celebre--

2427 3681 2529 3734 tur.
2549 3680 2609 3733 et
2637 3671 2997 3753 applicetur,
3020 3680 3088 3733 ut
3109 3674 3266 3734 Deus
3294 3671 3563 3734 Judicem
3593 3673 3825 3735 lumine
3850 3694 3968 3736 suo

2421 3766 2704 3838 illustret,
2735 3767 2840 3846 qui
2867 3766 2929 3843 in
2955 3767 3222 3847 quadam
3252 3766 3438 3847 ipsius
3457 3769 3761 3829 offerentis
3780 3777 3959 3830 causa

2404 3859 2580 3922 ⁴ferre
2607 3856 3157 3922 debet'sententiam
3183 3881 3203 3932 ς
3233 3862 3281 3921 si
3328 3869 3460 3941 post
3503 3861 3686 3923 latam
3716 3871 3958 3939 senten·

2426 3954 2567 4039 tiam
2593 3955 2875 4016 Sacerdos
2890 3954 3292 4015 celebraverit
3307 4001 3322 4027 ,
3358 3955 3621 4035 profecto
3645 3956 3961 4038 obligatio-

2423 4048 2485 4109 ni
2521 4049 2712 4109 defuit
2738 4067 2911 4121 suae,
2942 4056 3004 4109 et
3027 4055 3264 4110 tenetur
3292 4050 3728 4131 eleemosynam
3755 4051 3962 4111 reddei

2421 4162 2508 4203 re.
2539 4142 2694 4203 Vide
2718 4141 3133 4204 Cabassutium
3167 4142 3231 4202 in
3261 4142 3517 4205 Theoria
3549 4142 3820 4205 et·Praxi
3849 4145 3958 4226 Ju-

2423 4236 2507 4297 ris
2541 4236 2825 4297 Canonici
2855 4281 2871 4309 ‚
2907 4236 3016 4297 lib.
3054 4243 3111 4297 6.
3151 4257 3279 4317 cap.
3318 4242 3409 4298 14.
3445 4257 3507 4297 n.
3550 4227 3642 4298 18.

2536 4336 2594 4391 7.
2626 4330 2935 4403 Alterum,
2967 4332 3129 4411 quod
3154 4332 3498 4412 adJicimus,
3531 4341 3653 4405 est,
3681 4332 3963 4394 Sacerdo-
4000 4364 4065 4407 ῃ,
4102 4365 4295 4423 mma.

2423 4432 2538 4485 tem
2566 4469 2584 4497 ,
2618 4424 2724 4503 qui
2760 4444 2880 4485 non
2914 4425 3096 4487 habet
3122 4445 3276 4486 onus
3300 4426 3639 4506 applicandi
3667 4426 3910 4488 Missam
3936 4472 3953 4499 ,
3995 4421 4293 4525 {gmff

2418 4536 2538 4578 non
2563 4536 2731 4597 posse
2752 4537 2884 4579 eam
2902 4518 3204 4579 celebrare
3226 4526 3286 4579 et
3310 4518 3612 4598 applicare
3629 4520 3804 4599 juxta
3826 4522 3956 4600 ejus
3993 4549 4062 4578 ιιι.
4228 4496 4259 4540 ¹

2414 4609 2809 4685 intentionem
2836 4656 2852 4684 ‚
2911 4611 3017 4690 qui
3068 4610 3181 4672 sibi
3241 4612 3472 4691 primus
3514 4611 3954 4694 eleemosynam

2416 4701 2783 4781 praebuerit.
2833 4705 3003 4777 Quae
3042 4704 3282 4783 quidem
3333 4706 3604 4784 quaestio
3623 4707 3950 4786 quondam

2414 4796 2570 4864 inter
2598 4798 2878 4858 Doctores
2903 4798 2967 4857 in
2993 4806 3311 4877 utramque
3336 4799 3721 4872 sententiam,
3754 4811 3821 4860 ut
3840 4799 3951 4861 fie-

2368 4919 2373 4929 =
2411 4889 2466 4950 ri
2496 4890 2681 4963 solet,
2716 4891 3003 4952 abeuntes
3031 4892 3135 4952 diu
3164 4892 3463 4972 disputata
3489 4937 3505 4965 ‚
3528 4891 3775 4954 ‘tandem
3816 4901 3951 4973 post

2411 4992 2714 5061 maturum
2743 5004 2994 5050 examen
3021 5005 3057 5047 a
3080 4985 3208 5046 Sac.
3229 4986 3709 5068 'Gongiegatione
3734 4987 3947 5066 Conci·-

2408 5077 2476 5138 lii
2511 5078 2705 5139 decisa
2747 5086 2853 5139 est.
2905 5080 3326 5141 Pronuntiavit
3366 5080 3528 5141 enim
3556 5125 3572 5153 ‚
3610 5100 3731 5140 non
3764 5080 3945 5142 licere

2406 5171 2646 5232 Missam
2667 5170 2969 5233 celebrare
2991 5192 3126 5232 cum
3153 5173 3481 5254 intentione
3496 5174 3552 5233 ei
3575 5174 3939 5253 applicandi,

2406 5264 2510 5344 qui
2540 5263 2778 5343 primus
2798 5264 3085 5325 obtulerit
3108 5264 3545 5346 eleemosynam
3570 5311 3587 5337 ‚
3617 5266 3800 5346 idque
3830 5268 3941 5327 De-

2404 5369 2566 5419 cretu
2575 5376 2631 5416 m
2658 5358 3012 5437 approbavi-t
3033 5358 3304 5419 Clemens
3326 5358 3585 5421 Octavus
3604 5366 3788 5438 atque
3810 5360 3943 5420 edi-

756 5463 1110 5545 applicauda
1138 5462 1211 5524 iis
1239 5461 1418 5525 Missa
1440 5459 1648 5521 iisdem
1676 5457 1911 5520 diebus.
1936 5454 2094 5518 Vide
2114 5451 2294 5514 etiam
2408 5443 2739 5512 ditPaulus
2756 5451 2841 5511 ·V.
2878 5461 2944 5512 ut
2972 5451 3177 5514 nullus
3195 5448 3322 5533 jam
3348 5451 3645 5533 ejusmodi
3669 5452 3747 5513 sit
3777 5452 3948 5515 locus
