4487 6316
1791 543 2124 600 Arcanum
2158 541 2332 602 xxxi.

455 696 794 766 celebraret,
825 645 1133 780 ponebatur
1176 691 1394 774 Corpus
1430 689 1662 753 Domini
1685 692 1835 752 inter
1863 694 2078 772 ipsos

449 792 677 869 pollices
704 800 756 850 et
782 790 1023 869 quodam
1053 790 1425 848 instrumento
1454 789 1677 865 liqneo,
1718 806 1830 865 quo
1862 789 2005 845 iasi-

3378 556 3481 608 ³7⁹

2112 711 2226 752 noa
2258 694 2552 755 descendit.
2594 693 2709 757 Sed
2747 699 2812 757 in
2852 718 2917 760 ea
2955 707 3078 780 poet
3121 698 3423 762 immitam
3460 699 3659 762 Eccle-

2116 789 2279 847 siae.
2371 792 2628 870 .accepit
2650 793 2715 851 in
2740 812 2805 852 ea
2834 792 3115 865 Polliam,
3146 805 3199 855 et
3223 805 3479 875 portatus
3505 797 3583 855 ὄπ
3595 810 3661 856 ea

458 885 642 954 debat,
667 885 989 945 volvebatur
1011 884 1087 943 ad
1108 885 1401 964 papulam,-
1423 881 1615 944 videri
1645 888 1857 942 cuncta
1881 901 2011 961 pos-
2114 900 2283 961 super
2311 884 2537 954 solium,
2569 885 2765 946 deinde
2789 890 2852 946 io
2882 908 2948 949 ea
2973 890 3292 952 celebravit.

461 988 603 1041 sunt
630 981 728 1040 cit.
764 991 894 1039 tom.
941 984 998 1038 9.
1033 976 1586 1058 Rcr.11al.Script.
1621 997 1752 1057 paq.
1787 980 1926 1036 727.

581 1073 943 1135 xxxn..1n
964 1070 1423 1134 Commentariis
1439 1071 1524 1132 Pii
1548 1073 1627 1132 11.
1650 1087 1810 1133 anno
1834 1075 2005 1131 1458.

464 1170 541 1231 ad
565 1167 987 1231 Pontificatum
1009 1167 1219 1240 evecti,
1245 1175 1378 1248 post
1400 1166 1699 1247 prolixam
1722 1165 2014 1227 narratio-

465 1284 605 1325 nem
653 1262 961 1324 institutae
1009 1257 1461 1342 supplicationis
1509 1261 1570 1322 in
1624 1259 2013 1322 translatione

465 1357 689 1437 Capitis
731 1357 790 1417 S.
841 1356 1118 1417 Andreae
1157 1355 1425 1436 Apostoli
1477 1374 1553 1416 ex
1594 1356 1774 1436 Acaja
1818 1353 2012 1415 eidem

467 1447 744 1514 Pontifici
780 1451 938 1512 dono
965 1449 1153 1522 missi,
1185 1450 1331 1510 haec
1355 1450 1694 1533 adduntur:
1726 1448 1833 1508 Die
1864 1447 2013 1508 Sab-

469 1548 627 1607 bathi
650 1565 792 1624 quae
819 1546 932 1624 suit
958 1542 1180 1625 Aprilis
1219 1548 1312 1604 17.
1343 1546 1616 1605 celebrato
1641 1543 1851 1622 qrandi
1875 1541 2015 1622 Offi-

467 1643 554 1700 cio
576 1688 588 1709 ,
621 1639 744 1699 c'am
776 1641 1108 1706 benediceret
1129 1641 1338 1720 populo
1367 1639 1639 1718 Pontifex
1667 1637 1970 1699 Mazcimus
1996 1685 2012 1708 ,

464 1738 724 1814 promisit
766 1737 830 1793 in
860 1736 1172 1795 crastinum
1199 1782 1213 1803 ,
1240 1735 1311 1792 ‘ob
1352 1734 1718 1794 retmrentiam
1746 1733 2016 1806 Resurre-

469 1831 670 1888 clionis
699 1876 713 1898 ,
759 1831 821 1887 ia
861 1826 1122 1888 Ecclesia
1157 1827 1447 1907 Principis
1491 1826 1883 1907 Apostolorum
1909 1845 2019 1885 sese

470 1943 587 1983 rem
609 1921 878 1982 Divinam
899 1921 1187 1999 [actarum
1205 1930 1674 2000 portaturumque
1689 1939 1751 1979 eo
1772 1909 2019 1979 Sacrum

474 2014 734 2076 Andreae
765 2013 955 2094 Caput
982 2062 997 2085 ,
1028 2024 1092 2072 ut
1119 2016 1348 2082 iterum,
1379 2015 1779 2091 atqueiterum
1805 2012 2018 2071 videre-

474 2121 593 2183 tar,
620 2111 767 2188 quod
785 2127 858 2169 ea:
877 2108 1074 2168 Altari
1098 2106 1265 2168 Beati
1285 2107 1449 2168 Petri
1469 2108 1796 2175 adductam,
1820 2107 1884 2164 io
1906 2101 2022 2165 Pa-

478 2205 617 2264 latio
648 2206 948 2264 clauserat.
989 2201 1096 2262 Res
1130 2221 1274 2262 nova
1299 2213 1349 2261 et
1373 2201 1662 2281 insperata
1694 2201 1828 2277 fait.
1865 2198 2021 2260 Nam

467 2308 699 2377 propter
725 2297 1103 2375 aeqritadines
1130 2306 1182 2355 et
1210 2296 1521 2355 absentiam
1567 2293 1860 2375 Pontificis
1877 2293 2021 2353 'ante

475 2404 722 2470 quatuor
736 2412 935 2461 annos,
957 2411 1072 2450 non
1093 2391 1351 2450 videram
1372 2389 1618 2450 Romani
1632 2409 1794 2447 saum
1817 2386 2020 2446 Ponti-

472 2486 628 2567 ficem
657 2486 923 2545 Divinam
955 2483 1219 2544 Hostiam
1244 2481 1574 2563 offerentem.
1613 2479 1863 2560 Cumque
1904 2484 2021 2541 suis

475 2584 708 2664 pedibus
728 2592 878 2642 stare
912 2579 1056 2666 Piae
1100 2575 1345 2639 Praesul
1374 2579 1628 2657 nequiret
1654 2625 1670 2648 ‚
1702 2579 2020 2655 excoqitata

475 2679 705 2757 &naenia
729 2685 884 2744 sunt,
917 2685 983 2734 at
1012 2675 1184 2751 quasi
1204 2674 1391 2732 sedem
1417 2674 1735 2732 celebraret.

595 2769 891 2831 XXXIII.
915 2768 1059 2829 Pius
1080 2768 1189 2827 111.
1213 2766 1274 2827 in
1295 2764 1644 2827 Pontificem
1661 2784 1821 2826 anno
1844 2771 2016 2826 1503.

475 2864 698 2926 electus
725 2862 976 2923 nonnisi.
992 2861 1293 2922 Diaconus
1313 2868 1465 2931 erat,
1489 2867 1672 2939 atque
1697 2856 1906 2921 lethali
1936 2857 2025 2918 ul-

476 2978 613 3020 cere
638 2955 1099 3036 impediebatur,
1130 2974 1207 3014 ne
1232 2953 1486 3033 pedibus
1510 2960 1703 3033 posset
1723 2951 2014 3012 insistere.

473 3048 698 3114 Sedens
727 3051 929 3130 itaque
954 3048 1295 3110 Sacer-datio
1323 3056 1410 3108 est
1441 3046 1712 3107 initiatus
1745 3066 1782 3107 a
1811 3045 2019 3107 Cardi-

471 3148 598 3210 nali
621 3144 807 3207 Tituli
837 3143 1036 3205 Sancti
1065 3143 1220 3205 Petri
1249 3137 1608 3221 in’Vinculis
1631 3147 1728 3203 30.
1753 3141 2020 3222 Septem-

476 3242 625 3304 bris.
663 3240 862 3302 Primo
888 3259 1032 3300 vero
1062 3238 1339 3300 Octobris
1377 3236 1644 3318 ejusdem
1688 3238 1831 3299 anni
1876 3238 2022 3317 Epi-

475 3357 691 3419 scopus
715 3343 1111 3406 consecratus,
1142 3341 1353 3395 octavo
1374 3342 1571 3415 postea
1595 3332 1697 3418 die
1712 3333 2018 3397 diadema·

475 3443 536 3496 te
565 3429 853 3493 Pontifico
881 3428 1224 3511 insignitus,
1260 3428 1471 3490 sedens
1502 3427 1745 3489 Missam
1775 3427 2022 3489 Pontifi-

474 3528 665 3590 calem
692 3523 1018 3586 celebravit
1039 3522 1099 3582 in
1126 3522 1375 3585 Basilica
1402 3522 1716 3585 Vaticana.
1742 3522 1936 3584 Omne
1959 3522 2017 3583 id

473 3622 733 3683 habetur
783 3619 942 3679 libro
991 3616 1207 3679 ultimo
1253 3617 1723 3698 Ephemeridum
1769 3616 2019 3678 Ioannis

477 3712 767 3775 Bur-cardi
815 3710 1339 3772 Caeremoniarum
1380 3711 1697 3772 Sacrarum
1746 3710 2014 3792 Magistri

472 3828 606 3887 paq.
639 3811 736 3865 56.
770 3809 866 3863 58.
903 3814 955 3862 et
983 3810 1079 3864 59.
1116 3822 1296 3883 quem
1339 3804 1618 3865 codicem
1645 3803 2018 3865 Bibliotheca

470 3900 736 3962 habebat
761 3895 1096 3959 Cardinalis
1109 3895 1288 3956 Silvii
1308 3896 1580 3957 Valentis
1605 3896 1789 3957 nostri
1819 3915 2015 3976 quon-

471 3995 613 4057 dam
643 3992 841 4053 Status
860 3989 1198 4059 secretarii,
1220 3990 1347 4070 jam
1373 4008 1517 4051 vero
1534 3997 1697 4051 tenet
1716 3990 2017 4051 Reveren-

474 4079 757 4152 dissimus
782 4084 1024 4147 Valenti
1055 4083 1250 4164 ipsius·
1269 4083 1484 4163 Nepos.

1032 4364 1244 4428 ΑΝΝΟ
1278 4365 1507 4427 ΜΒῙΙΙ.

594 4655 699 4716 Die
719 4653 942 4714 Veneris
965 4655 1062 4710 29.
1079 4647 1420 4729 Septembris
1440 4649 1704 4710 ordinavi
1722 4650 1898 4710 sedem
1918 4669 2021 4730 pro

472 4752 666 4832 Papa,
697 4752 761 4813 in
787 4768 901 4826 qua
930 4746 1118 4805 sedens
1146 4745 1408 4805 cruribus
1434 4744 1678 4804 extensis
1724 4745 2019 4805 ordinare-

470 4860 594 4916 tur,
623 4855 674 4904 et
699 4842 1029 4910 celebraret,
1060 4847 1108 4898 et
1139 4858 1382 4899 mensam
1413 4840 1635 4916 lonyam
1654 4857 1763 4917 pro
1790 4837 2015 4909 Allan-i,

469 4952 541 5003 ut
563 4939 724 5021 pedes
753 4937 945 4996 subtus
975 4934 1205 4994 extendi
1228 4942 1467 5013 possent.

594 5032 701 5091 Die
728 5028 1006 5090 Sabbathi
1033 5069 1049 5087 .
1085 5068 1101 5086 .
1136 5070 1153 5086 .
1190 5050 1214 5086 .’
1243 5069 1259 5085 .
1302 5023 1637 5087 Cardiaalis
1661 5023 1729 5085 S.
1759 5023 1923 5085 Petri
1945 5025 2023 5085 ad
2057 5084 2082 5093 ,Ἴ

479 5126 728 5191 Vincula
743 5124 1029 5184 ordinavit
1049 5121 1272 5202 Papam
1301 5162 1520 5180 .....
1546 5121 1775 5181 accessit
1795 5122 1860 5177 in
1885 5117 2023 5179 Pla-

471 5232 611 5284 neta
639 5219 715 5279 ad
754 5217 977 5298 Papam
1004 5214 1116 5277 illa
1146 5216 1265 5275 sede
1296 5215 1566 5276 ordinata
1604 5213 1683 5275 ad
1708 5214 1901 5273 omnia
1936 5231 2022 5271 se-

472 5319 696 5378 dentem
722 5322 822 5371 ele.

548 5405 704 5466 Die
733 5404 1028 5464 Dominica
1057 5408 1115 5464 8.
1156 5401 1441 5474 Octobris,
1477 5400 1546 5463 S.
1577 5402 1653 5462 D.
1688 5399 1768 5463 Ν.
1801 5402 2021 5462 delatus

471 5507 538 5564 in
562 5500 686 5560 sede
710 5498 786 5559 ad
811 5498 910 5557 hoc
932 5497 1221 5567 ordinata,
1243 5497 1308 5556 de
1329 5515 1446 5574 qua
1459 5506 1760 5586 pertatem
1781 5495 2022 5576 officium

809 5620 1017 5659 nanto.
1060 5621 1170 5657 xiv,
1212 5621 1353 5656 rom.
1395 5607 1534 5660 VIII.

2235 975 2529 1038 XXXIV.
2564 981 2723 1040 Dum
2753 983 3057 1044 Romanus
3084 982 3362 1048 Pontifex
3385 983 3664 1045 solemni·-

2120 1074 2211 1128 tJer
2253 1069 2535 1147 celebrat,
2577 1083 2817 1155 peracta
2857 1076 2932 1137 ad
2974 1073 3180 1138 Altare
3219 1076 3661 1139 consecratione

2118 1161 2194 1222 ad
2223 1162 2439 1225 solium
2469 1186 2645 1227 suum
2671 1188 2947 1230 reversus
2970 1213 2987 1243 ,
3018 1168 3231 1250 recipit
3263 1170 3505 1232 Sacram
3536 1172 3661 1231 Eu·

2118 1254 2465 1320 charistiam
2494 1261 2608 1321 sub
2632 1262 2941 1342 speciebus
2967 1264 3141 1344 panis
3160 1309 3177 1338 ,
3206 1272 3268 1327 et
3295 1264 3420 1326 vini
3453 1272 3616 1327 stans
3643 1308 3659 1337 ‚
3731 1335 3736 1342 ,

2121 1369 2317 1429 neque
2342 1352 2600 1414 sedendo
2622 1356 3044 1430 communicat,
3069 1364 3249 1437 prout
3268 1377 3376 1438 per
3395 1377 3663 1419 errorem

2118 1443 2488 1525 scripserunt
2511 1446 2725 1529 aliqui,
2757 1448 3076 1531 viderique
3104 1450 3165 1512 id
3197 1459 3387 1532 potest
3412 1451 3565 1512 Tom.
3599 1456 3659 1511 2.

2126 1536 2316 1599 Tract.
2340 1544 2521 1601 nostri
2541 1543 2606 1602 de
2627 1541 2926 1624 Sacrificio
2944 1543 3159 1606 Missae
3174 1556 3302 1605 sect.
3333 1550 3388 1606 1.
3413 1565 3537 1625 cap.
3562 1550 3659 1606 20.

2122 1629 2186 1712 §-
2230 1636 2283 1691 1.
2316 1629 2455 1693 edit.
2483 1634 2899 1699 Ital.·Latinae
2925 1658 3052 1698 cero
3077 1649 3205 1699 sect.
3249 1643 3303 1700 1.
3334 1659 3493 1702 aum.
3525 1644 3663 1701 339.

2126 1726 2195 1785 In
2223 1729 2641 1791 caeremoniali
2672 1740 2872 1792 autem
2901 1730 3060 1793 libro
3086 1731 3403 1814 Cappellae
3430 1734 3669 1816 Papalis

2125 1817 2384 1882 liberum
2403 1832 2490 1884 est
2506 1824 2754 1885 Summo
2769 1825 3042 1888 Pontifici
3064 1827 3408 1909 porrigendi
3424 1829 3668 1891 Sacram

2123 1912 2618 1979 Communionem
2639 1919 3061 1982 Cardinalibus
3087 1921 3387 1995 Diaconis,
3410 1923 3669 2004 aliisque

2125 2007 2277 2071 solio
2316 2010 2728 2075 assistentibus
2769 2014 3053 2090 sedendo;
3083 2035 3205 2097 qua
3234 2018 3356 2078 Nos
3387 2017 3667 2080 libertate

2126 2102 2217 2163 usi
2268 2123 2476 2166 sumus
2514 2127 2827 2188 nunqnam
2851 2154 2869 2182 ,
2916 2109 3420 2192 Angustissimum
3455 2112 3669 2177 Sacra-

2127 2207 2396 2260 mentum
2447 2201 2659 2272 stando
2704 2222 2938 2283 semper
2985 2204 3428 2268 distribuentes.
3466 2207 3667 2271 -Electi

2125 2292 2431 2355 Pontificis
2458 2295 2521 2355 in
2556 2296 2914 2377 Episcopum
2938 2300 3323 2361 consecrandi
3348 2302 3606 2381 scapulis
3629 2323 3667 2365 a

2129 2385 2432 2448 Cardinali
2458 2397 2847 2452 consecrante
2875 2383 3341 2475 Evangeliorum
3370 2393 3549 2468 liber,
3576 2414 3670 2457 ca-

2129 2480 2361 2561 pitique
2393 2501 2606 2544 manus
2636 2484 2990 2568 imponitur,
3024 2486 3392 2569 indecaput,
3422 2508 3667 2552 manus-

2127 2593 2247 2654 que
2273 2575 2808 2639 Sacro'Chrismate
2830 2578 3232 2661 inunguntur,
3265 2581 3553 2644 Pontitice
3576 2582 3671 2642 in-

2130 2675 2292 2730 terea
2318 2688 2552 2749 semper
2581 2671 2840 2733 sedente.
2873 2672 3236 2734 Similiter‘si
3264 2673 3486 2736 electus
3513 2675 3670 2736 Pon-

2128 2759 2278 2822 tifex
2307 2761 2752 2825 Subdiaconatu
2770 2809 2786 2836 ,
2818 2764 3150 2827 Diaconatu
3168 2811 3185 2839 ,
3221 2774 3329 2828 aut
3356 2768 3672 2851 Presbyte-

2130 2863 2265 2915 ratu
2308 2864 2458 2916 esset
2500 2855 2913 2938 insigniendus
2936 2903 2952 2932 ‚
2982 2859 3308 2940 Episcopus
3337 2860 3676 2922 Cardinalis

2126 2949 2605 3013 Subdiaconatus
2644 2951 2934 3014 Ordinem
2978 2953 3032 3014 ei
3071 2954 3402 3017 collaturus
3440 2954 3677 3017 Sedenti

2127 3046 2356 3103 calicem
2377 3063 2617 3105 vacuum
2642 3066 2769 3107 eam
2798 3058 3010 3126 patena
3038 3096 3054 3118 ‚
3084 3058 3138 3110 et
3163 3051 3408 3110 urceolos
3433 3068 3561 3110 eum
3584 3054 3676 3111 vi·

2125 3161 2218 3212 no,
2246 3151 2299 3201 et
2325 3162 2498 3220 aqua,
2531 3143 2744 3213 hamata,
2775 3153 2827 3202 et
2853 3146 3294 3223 monetet-qiam,
3326 3143 3679 3227 librumque

2126 3234 2530 3315 Epistolarum
2562 3236 2834 3318 porrigit.
2870 3237 2940 3297 In
2967 3238 3286 3300 collatione
3311 3239 3676 3317 Diaconatus

2125 3327 2462 3391 Cardinalis
2509 3329 2798 3390 ordinans
2857 3338 3022 3392 stans
3058 3332 3371 3395 Pontificis
3413 3332 3674 3395 sedentis

2124 3422 2303 3503 capiti
2337 3442 2582 3485 manum
2616 3423 2929 3504 imponens
2957 3425 3125 3508 dicit:
3157 3426 3358 3509 Accipe
3384 3426 3676 3509 Spiritum

2125 3517 2428 3592 Sanctum:
2448 3519 2797 3600 sedentique
2815 3519 3088 3582 Pontifici
3110 3529 3276 3601 aptat
3297 3528 3671 3602 paramenta,

2124 3623 2177 3672 ct
2202 3612 2460 3695 porrigit
2490 3613 2716 3674 librum
2756 3615 3245 3697 Evangeliornm.
3296 3617 3562 3685 Tandem
3605 3617 3697 3701 ¹¹¹,

2124 3707 2441 3769 collatione
2481 3700 2807 3771 Sacerdotii
2847 3711 3059 3772 sedens
3104 3710 3383 3772 Pontifex
3412 3730 3672 3773 manunt

2122 3800 2587 3881 impositionem,
2617 3802 2749 3865 Olei
2778 3804 2989 3877 sancti,
3022 3805 3185 3884 quod
3208 3805 3671 3868 Catbecumeno-

2122 3914 2259 3956 rum
2287 3895 2530 3971 dicitur,
2560 3899 2926 3973 unctionem,
2959 3899 3204 3961 calicem
3234 3919 3371 3961 cum
3400 3900 3580 3977 vino,
3611 3909 3673 3962 et

2122 4008 2304 4069 aqna,
2342 3997 2523 4070 atque
2549 4002 2827 4071 patenam
2853 4012 2991 4053 cum
3019 3992 3212 4056 hostia
3240 3992 3469 4074 recipit.
3497 3995 3674 4069 Quae

2125 4083 2331 4147 omnia
2347 4083 2681 4146 luculenter
2698 4087 3041 4160 ostendunt,
3064 4088 3226 4149 haud
3246 4087 3265 4149 i
3273 4089 3676 4153 nconveniens

2029 4212 2040 4220 -
2125 4198 2272 4251 esse,
2298 4176 2502 4240 sedere
2521 4179 2868 4242 Pontificem
2892 4181 2956 4241 in
2977 4181 3388 4244 functionibus
3407 4183 3676 4246 sacratis-

2128 4273 2339 4345 simis,
2381 4281 2564 4354 atque
2590 4293 2672 4335 eo
2716 4274 2845 4354 ipso
2877 4276 3118 4355 Missam
3154 4284 3339 4337 totam
3368 4297 3404 4339 a
3431 4278 3673 4340 sedente

2129 4387 2299 4453 posse
2325 4368 2640 4441 celebrari,
2667 4370 3016 4449 praesertim
3038 4371 3086 4431 si
3112 4370 3368 4451 pedibus
3393 4371 3673 4433 debilita-

2130 4461 2205 4522 tis
2234 4459 2507 4523 insistere
2533 4481 2655 4523 non
2686 4462 2900 4524 valeat.

2245 4555 2508 4617 XXXV.
2542 4557 2739 4637 Atque
2764 4557 2912 4620 haec
2939 4565 3101 4630 sunt,
3126 4576 3282 4639 quae
3308 4558 3372 4619 in
3395 4558 3509 4627 hac
3529 4560 3675 4641 Epi-

2125 4649 2277 4711 stola
2304 4650 2659 4730 exponenda
2693 4651 2999 4726 duximus,
3035 4671 3368 4733 eorumque
3397 4653 3678 4734 disquisi-

2127 4743 2278 4806 tiom‘
2323 4744 2711 4825 proponenda
2738 4791 2755 4819 ,
2804 4746 3066 4826 quorum
3105 4746 3356 4808 consilia
3399 4755 3676 4827 expecta-

2127 4858 2292 4913 mus,
2327 4838 2682 4919 priusquam
2709 4839 2856 4920 quid
2885 4839 3187 4922 agendum
3210 4885 3227 4913 ,
3259 4840 3670 4903 decernamus.

2126 4935 2204 4995 Et
2221 4933 2269 4994 si
2300 4924 2544 5014 quidem
2567 4934 2838 4995 sedentes
2867 4934 3110 4996 Missam
3131 4928 3437 4996 celebrare
3458 4942 3678 4996 statua-

2127 5044 2283 5100 mus„
2306 5037 2475 5090 tunm
2498 5027 2615 5090 erit
2629 5047 2989 5109 praeparare
3008 5036 3275 5090 mensam
3297 5029 3521 5091 Altaris
3539 5048 3678 5091 cum

2125 5129 2465 5183 consecrato
2501 5121 2701 5202 lapide
2723 5167 2740 5195 ,
2787 5122 3114 5204 immagine
3144 5122 3473 5184 Salvatoris
3498 5111 3674 5183 Cruci

2126 5215 2288 5277 affixi
2306 5261 2322 5289 ,
2367 5215 2802 5290 luminaribus,
2853 5215 3111 5297 aliisque
3149 5217 3226 5279 ad
3264 5216 3450 5297 ⁴Sacra
3500 5234 3673 5296 pera-

2125 5308 2320 5391 genda
2364 5310 2749 5385 necessariis3
2795 5330 3176 5392 vacuumque
3220 5310 3432 5371 subtus
3471 5308 3680 5370 Altare

2124 5401 2385 5484 spatium
2422 5403 2798 5486 relinquetur
2818 5400 3219 5487 'extendendis
3251 5401 3515 5484 pedibus
3543 5403 3674 5465 ido·

2129 5516 2334 5559 neum.
2369 5497 2748 5561 confidentes
2780 5499 3014 5581 singula
3046 5497 3389 5560 dexteritate
3414 5504 3519 5558 tua
3553 5497 3679 5558 sin-

3288 5608 3356 5660 ⁸2
