4487 6316
3343 511 3446 564 tu

1777 654 2281 773 INDEX

921 930 1873 1023 LIBRORUM
1994 907 2198 1016 ET
2314 915 3168 1010 CAplTUM.

440 1519 684 1623 Iaectori
712 1595 1623 1619 .................
1661 1560 1802 1625 Peg.
1887 1556 1988 1608 Vn

433 1657 507 1707 Ex
552 1657 780 1724 epistola
817 1651 1268 1707 Praestantissimi
1315 1657 1368 1702 et
1405 1645 1805 1717 sapientissimi

541 1743 806 1795 Praesnlis
823 1740 1294 1796 conimbricensis
1318 1737 1382 1789 ad
1402 1735 1562 1806 hujus
1580 1733 1809 1786 volumi·

544 1832 628 1883 nis
654 1832 918 1885 editorem
937 1867 949 1880 .
998 1858 1740 1880 ..............
1782 1841 1809 1867 ¹·
1866 1819 1993 1872 Vm

434 1921 625 1972 Joanni
654 1922 717 1971 V.
744 1920 1069 1983 Lusitaniae,
1098 1925 1148 1969 et
1171 1914 1544 1985 Algarbiornm
1575 1912 1683 1980 regi
1715 1927 1810 1978 po-

548 2009 870 2060 tentissime.
897 2006 1216 2060 Emmanuel
1257 2003 1325 2056 de
1353 2000 1616 2055 Azevedo.
1635 1998 1813 2053 Socia-

547 2096 666 2146 tatis
697 2098 820 2148 Jesn
828 2125 1739 2148 .................
1783 2108 1810 2134 υ
1925 2083 1997 2138 lx

439 2184 721 2235 Sacrorum
752 2184 967 2235 Rituum
997 2181 1261 2236 scientiae
1288 2178 1641 2233 Auditor-ibus
1672 2214 1685 2229 .
1728 2214 1740 2228 .
1784 2196 1811 2222 a
1924 2174 1996 2228 XI

440 2271 700 2323 Praefatio
731 2271 786 2323 in
817 2271 1157 2324 institutione
1183 2270 1399 2322 scholae
1418 2270 1701 2320 Sacrorum
1728 2265 1816 2317 ni·

551 2368 699 2411 tuum
747 2359 926 2412 habita
969 2361 1168 2412 Romae
1207 2358 1296 2411 die
1327 2357 1462 2411 XXI.
1491 2351 1815 2411 Novembris

552 2447 709 2499 1748.
750 2449 932 2501 Beatae
973 2446 1185 2517 Virgini
1229 2446 1285 2498 in
1328 2445 1531 2515 templo
1571 2456 1816 2513 praesen·

550 2543 684 2587 tatae
711 2536 867 2588 Sacra
880 2567 1736 2589 ................
1779 2548 1807 2575 a
1909 2524 1999 2579 XV

445 2621 670 2675 Scholae
691 2624 972 2675 Sacrorum
996 2623 1210 2675 Rituum
1226 2618 1595 2683 Auclitoribus,
1616 2619 1683 2671 ‹le
1701 2635 1820 2686 per·

555 2709 861 2762 honorifico
898 2711 1053 2778 Regis
1090 2709 1425 2762 Fidelissimi
1473 2708 1699 2761 Titulo.
1740 2744 1752 2757 .
1795 2725 1823 2752 a
1885 2702 2004 2757 xlx

444 2797 538 2850 SS.
566 2798 785 2850 Domini
817 2798 987 2851 nostri
1017 2797 1291 2851 Benedicti
1319 2798 1492 2866 Papae
1509 2797 1649 2850 xlv.
1676 2793 1821 2847 Atto-

553 2888 701 2939 cutio
740 2887 920 2940 habita
958 2887 1014 2939 in
1042 2887 1389 2941 Cousiatorio
1419 2888 1636 2938 Secreto
1663 2883 1822 2936 Feria

559 2974 789 3027 secunda
817 2973 906 3026 «tie
928 2973 1017 3026 21.
1056 2974 1254 3042 Aprilis
1295 2972 1451 3026 1740.
1480 2972 1594 3040 Qua
1622 2971 1824 3025 Sancti-

556 3072 634 3115 tas
662 3079 755 3115 sua
786 3063 1044 3129 declarat,
1084 3079 1140 3115 se
1179 3064 1331 3114 Motu
1364 3060 1592 3129 proprio
1634 3075 1824 3128 perpe·

562 3163 654 3205 tuo
682 3151 977 3204 contulisse
1005 3149 1466 3220 perhonorificum
1497 3149 1710 3201 titulum
1731 3146 1828 3201 Fi-

562 3239 829 3293 delusioni
853 3240 1213 3292 Serenissimo
1238 3237 1595 3307 Portugalliae
1616 3275 1631 3301 ‚
1666 3245 1716 3290 et
1746 3236 1827 3287 Al·

562 3327 870 3399 garbiornm
902 3327 1050 3396 Regi,
1084 3328 1306 3397 ejusque
1332 3323 1761 3378 Successoribus.
1793 3344 1820 3370 a
1848 3322 2009 3376 xxw

454 3419 546 3473 SS.
571 3417 838 3471 Dominus
865 3425 1049 3469 noster
1072 3414 1343 3469 Benedicti
1368 3414 1506 3483 Papa
1531 3415 1666 3467 xw.
1686 3414 1827 3465 Con·

563 3504 665 3558 sert
707 3505 762 3555 in
804 3511 1119 3572 perpetuum
1160 3501 1518 3556 serenissimo
1555 3500 1827 3569 Por-tugal-

567 3592 688 3655 liae‚
718 3599 771 3643 et
794 3589 1165 3658 Algnrbiorum
1193 3589 1343 3659 Regi,
1368 3592 1590 3659 ejusque
1618 3590 1831 3640 Succes-

566 3679 781 3732 soribns
806 3676 1038 3748 Regibus
1065 3679 1311 3732 Titulum
1340 3674 1700 3732 Fidelissima
1741 3713 1754 3727 .
1796 3695 1824 3723 a
1852 3673 2015 3727 xxvt

999 3852 1196 3905 LIBER
1231 3851 1483 3904 PRIMUS

516 4032 594 4085 De
622 4028 811 4092 rebus,
841 4045 975 4100 quae
1003 4027 1293 4098 generatim
1324 4024 1387 4077 ad
1418 4025 1750 4079 Sacrificium
1778 4025 1972 4079 Missae

988 4117 1315 4170 necessariae
1342 4123 1484 4170 sunt.

467 4291 610 4346 CAP.
640 4292 681 4344 1.
709 4293 787 4344 De
815 4291 939 4343 loco
969 4289 1229 4344 sacrificii
1252 4326 1770 4343 ..........
1812 4311 1841 4337 a
1995 4291 2022 4339 1

538 4381 593 4433 2.
620 4382 698 4433 De
726 4379 888 4432 Altari
917 4414 1769 4434 ................
1815 4399 1841 4423 ›-
1993 4377 2027 4428 Β

543 4470 598 4521 8.
625 4471 701 4522 De
731 4468 919 4520 Altaria
947 4477 1136 4522 ornatu
1142 4502 1769 4521 ............
1814 4488 1841 4512 u
1991 4467 2026 4518 9

541 4559 594 4609 4.
624 4559 700 4611 De
726 4557 905 4610 Calice
920 4592 1772 4610 ................
1817 4576 1844 4602 ιο
1960 4554 2028 4606 ¹2

543 4648 596 4700 8.
623 4648 701 4699 De
728 4646 948 4708 Patena,
987 4652 1040 4696 ct
1077 4644 1196 4697 aliis
1233 4643 1300 4696 ad
1328 4644 1562 4698 Calicem
1602 4651 1843 4713 spectan-

692 4733 835 4785 tibus
865 4767 1773 4786 .................
1817 4752 1845 4778 ¹·
1963 4732 2031 4783 15

546 4825 603 4874 0.
630 4824 705 4874 De
733 4820 915 4873 Hostia
921 4855 1773 4873 ................
1818 4840 1845 4866 a
1963 4821 2029 4871 ¹7

545 4912 599 4962 ’1.
628 4912 705 4963 De
732 4907 983 4963 Vestibus
1011 4905 1466 4974 sacerdotalibus,
1493 4907 1588 4960 ubi
1615 4902 1682 4962 tle
1707 4907 1849 4960 Arni·

694 5005 809 5059 ctu,
837 4994 995 5061 Alba,
1026 5003 1079 5047 et
1101 4994 1335 5065 Cingulo
1364 5033 1772 5050 ........
1816 5018 1844 5044 ιι
1962 4999 2031 5048 19

549 5086 602 5138 8.
630 5085 706 5136 De
732 5085 1042 5153 Manipulo‚
1070 5082 1245 5147 stola,
1285 5092 1337 5136 et
1371 5080 1616 5147 Planela3
1658 5084 1724 5138 de
1763 5085 1851 5138 Sa·

698 5186 904 5223 orarum
926 5172 1170 5225 vestium
1192 5169 1595 5236 benedictione,
1622 5180 1676 5225 et
1692 5172 1851 5243 quin·

698 5278 800 5329 que
829 5256 1053 5312 «liversis
1081 5277 1263 5313 earum
1291 5257 1610 5313 coloribus.
1657 5299 1670 5312 .
1713 5299 1725 5312 .
1768 5300 1780 5313 .
1824 5282 1851 5308 a
1962 5261 2031 5314 21

550 5353 603 5404 0.
632 5353 708 5402 Dc
735 5348 940 5401 nin-eto
982 5380 1779 5405 ...............
1825 5375 1851 5400 a
1959 5351 2033 5405 2⁶

810 5464 1016 5503 annau.
1059 5465 1174 5503 xiv.
1216 5466 1360 5507 ron.
1401 5455 1550 5505 vm.

2128 1555 2217 1605 10.
2259 1553 2337 1605 Da
2367 1548 2675 1620 symbolico
2708 1560 2969 1600 sacrarum
2998 1543 3240 1596 vestium
3267 1541 3468 1612 signifi·

2308 1647 2423 1692 catu
2430 1667 3387 1691 ..................
3430 1651 3457 1675 u
3573 1627 3645 1679 27

2130 1729 2216 1781 11.
2241 1731 2319 1782 De
2346 1729 2621 1790 Ministro,
2649 1725 2740 1796 qui
2766 1721 3038 1778 Sacerdoti
3069 1718 3355 1775 celebranti
3386 1719 3462 1769 in·

2312 1815 2474 1867 servit
2489 1842 3390 1866 .................
3434 1827 3461 1851 n·
3582 1805 3610 1852 3
3623 1808 3645 1853 t

2132 1902 2218 1955 12.
2246 1905 2320 1955 De
2347 1901 2755 1972 praeparatione
2783 1896 3086 1952 Sacerdotis
3109 1931 3401 1947 ......
3447 1915 3472 1937 υ
3517 1891 3647 1947 ibid.

2587 2047 2783 2103 LlssER
2815 2043 3162 2098 SECUNDUS

2589 2197 2664 2249 De
2689 2194 2884 2247 Missae
2913 2187 3174 2262 partibus.

2096 2358 2238 2414 CAP.
2271 2360 2319 2411 1.
2348 2360 2429 2412 De
2455 2358 2650 2412 Missae
2676 2351 3053 2423 Ethymologia
3060 2383 3395 2404 .......
3439 2369 3465 2393 ιι
3582 2346 3651 2395 at

2169 2449 2222 2502 2.
2253 2449 2334 2502 De
2360 2446 2623 2501 ldiomate
2650 2464 2760 2515 quo
2779 2442 2944 2496 Missa
2970 2435 3285 2493 celebranda
3312 2445 3408 2488 est.
3440 2457 3467 2482 υ
3582 2434 3652 2483 35

2172 2537 2227 2590 8.
2257 2538 2335 2589 De
2360 2537 2556 2588 Missae
2584 2534 2745 2585 initio
2772 2561 3397 2585 ............
3440 2544 3468 2570 a
3581 2519 3652 2572 40

2172 2626 2222 2677 t.
2252 2626 2329 2678 De
2373 2623 2633 2685 introitu,
2680 2621 2835 2689 Kyrie
2883 2619 3089 2673 eleison
3115 2653 3130 2682 ,
3169 2622 3222 2669 et
3256 2616 3464 2682 Hymno

2322 2713 2509 2766 Gloria
2536 2712 2590 2763 in
2620 2709 2856 2763 Excelsis
2885 2739 3396 2759 ..........
3439 2721 3467 2747 a
3584 2698 3650 2749 44

2174 2802 2228 2855 ⁸.
2257 2801 2339 2854 De
2389 2797 2742 2853 Orationibus
2771 2833 2786 2861 ,
2835 2794 3076 2866 Epistola
3100 2831 3116 2858 ,
3173 2789 3425 2846 Graduali
3456 2826 3472 2853 ‚

2324 2890 2556 2954 Tractu,
2587 2897 2638 2940 et
2665 2884 2971 2956 Sequentiis
2998 2916 3401 2936 ........
3441 2898 3469 2926 a
3586 2875 3657 2929 48

2178 2977 2230 3030 0.
2258 2979 2336 3031 De
2363 2975 2588 3046 reliquis
2627 2972 2959 3038 actionibus,
2987 2986 3123 3040 quae
3160 2968 3296 3021 fiunt
3331 2986 3361 3020 a
3387 2968 3477 3019 Sa·

2328 3063 2545 3118 cerdote
2574 3064 2627 3114 in
2657 3062 2753 3114 hac
2780 3061 2976 3114 Missae
3004 3068 3151 3130 parte
3174 3093 3407 3110 .....
3450 3076 3478 3102 ιι
3594 3055 3663 3105 M

2179 3156 2232 3209 7.
2265 3154 2345 3208 De
2370 3153 2689 3221 Evangelio..
2734 3181 3409 3205 .............
3452 3166 3481 3192 a
3596 3143 3668 3195 80

2184 3244 2235 3296 8.
2266 3245 2343 3296 De
2371 3240 2632 3311 symbulo
2670 3271 3408 3293 ..............
3451 3255 3478 3279 ι
3594 3233 3665 3283 59

2180 3333 2233 3384 9.
2264 3334 2342 3386 De
2366 3329 2661 3384 Offertorio
2676 3359 3407 3382 ..............
3453 3344 3478 3368 ιι
3596 3320 3666 3372 03

2152 3422 2238 3474 10.
2271 3422 2350 3473 De
2388 3418 2630 3490 quinque
2666 3414 3048 3479 Orationibus,
3083 3430 3220 3484 quae
3255 3409 3485 3464 Offertu-

2332 3506 2478 3560 rium
2508 3512 2912 3574 consequuntur
2947 3536 3408 3555 .........
3453 3519 3481 3545 a
3597 3496 3670 3548 04

2151 3596 2235 3647 11.
2268 3597 2343 3648 De
2372 3593 2662 3647 Ablutione
2710 3609 2963 3645 manuum
3000 3605 3170 3659 usqne
3208 3585 3274 3640 ad
3312 3585 3484 3639 Cano·

2307 3691 2460 3736 'nem
2509 3711 3414 3735 .................
3456 3693 3484 3719 a
3597 3673 3672 3721 70

2154 3771 2239 3824 1².
2270 3772 2351 3824 De
2377 3772 2598 3825 Canone
2624 3771 2819 3823 Missae
2841 3801 3409 3822 ...........
3454 3782 3482 3808 υ
3597 3761 3671 3812 ’15

2157 3860 2243 3912 13.
2273 3861 2354 3913 De
2382 3858 2557 3929 prima
2584 3857 2822 3911 cationis
2847 3853 3106 3909 Oratione
3127 3888 3411 3905 ......
3455 3870 3483 3896 υ
3596 3848 3671 3898 78

2157 3949 2242 4000 14.
2273 3949 2357 3999 De
2383 3946 2614 4000 secunda
2639 3938 2880 4000 Canonis
2905 3944 3163 3997 Oratione
3184 3975 3419 3993 .....
3459 3958 3487 3986 a
3603 3935 3675 3987 8⁸1

2160 4037 2246 4089 13.
2273 4036 2351 4088 De
2378 4033 2530 4088 tertia
2555 4032 2794 4087 Canonis
2819 4029 3104 4095 Oratione,
3134 4026 3225 4081 ubi
3258 4026 3328 4080 de
3349 4025 3492 4080 Con·

2342 4121 2641 4175 secretione
2665 4120 2854 4182 Panis,
2883 4130 2933 4172 et
2956 4119 3082 4171 Vini
3128 4150 3418 4170 ......
3462 4136 3488 4160 ¹·
3604 4112 3676 4163 88

2162 4211 2253 4263 1⁶.
2286 4211 2366 4263 De
2393 4216 2578 4279 quarta
2607 4207 2846 4261 Canonis
2873 4208 3130 4259 Oratione
3135 4237 3422 4256 ......
3468 4221 3496 4248 a
3607 4200 3679 4250 ⁹9

2164 4301 2250 4352 17.
2279 4300 2356 4351 De
2381 4297 2568 4368 quinta
2592 4295 2833 4349 Canonis
2858 4293 3117 4347 Oratione
3130 4326 3422 4345 ......
3467 4309 3495 4336 a
3577 4288 3683 4337 100

2166 4387 2250 4437 18.
2280 4388 2354 4438 De
2383 4393 2525 4438 sexta
2550 4382 2810 4437 Oratione
2832 4380 3071 4435 Canouis
3078 4413 3421 4431 .......
3464 4396 3492 4422 a
3576 4374 3680 4425 108

2167 4476 2250 4527 1⁹.
2285 4475 2362 4526 De
2387 4472 2551 4525 Missa
2580 4469 2644 4525 ab
2687 4471 2752 4524 iis
2782 4468 2958 4522 verbis
2977 4508 2992 4533 ,
3028 4471 3259 4524 oremus
3277 4482 3497 4535 praece·

2344 4560 2457 4631 ptis
2500 4571 2602 4613 etc.
2650 4576 2817 4629 usque
2865 4557 2930 4611 ad
2976 4554 3351 4609 infractionem
3395 4554 3498 4603 Ho-

2349 4650 2481 4701 stiae
2520 4678 3429 4700 .................
3473 4660 3500 4686 a
3584 4635 3687 4688 112

2164 4739 2254 4791 20.
2283 4739 2365 4789 De
2403 4736 2726 4789 infractione
2762 4735 2977 4790 Hostiae
3023 4750 3191 4803 usque
3238 4728 3299 4782 ad
3339 4730 3501 4782 Com-

2353 4824 2667 4876 munionem
2692 4853 3430 4876 ..............
3474 4836 3501 4860 n·
3583 4813 3686 4863 118

2167 4913 2258 4966 21.
2287 4916 2361 4966 De
2389 4912 2791 4966 communione
2820 4910 3124 4965 Sacerdotis
3142 4940 3434 4960 ......
3475 4922 3503 4948 a
3585 4898 3686 4950 1¹2³

2167 5001 2258 5054 22.
2289 5003 2365 5056 De
2391 5000 2796 5054 communione
2823 4997 3023 5068 Populi
3031 5030 3266 5049 .....
3293 4996 3321 5045 ““.”
3361 5028 3375 5043 .
3419 5029 3432 5044 .
3475 5010 3503 5036 ¹·
3585 4987 3689 5038 128

2168 5091 2258 5143 2³.
2287 5092 2363 5143 De
2391 5088 2742 5143 Orationibus
2763 5127 2777 5152 ,
2805 5106 2939 5158 quae
2976 5083 3243 5159 submissa
3263 5078 3398 5132 *oce
3426 5076 3506 5129 di·

2353 5187 2549 5231 cuntur
2575 5180 2631 5230 in
2658 5180 2821 5230 Missa
2861 5216 2874 5228 .
2917 5214 2930 5228 .
2973 5215 2986 5229 .
3029 5212 3042 5227 .
3084 5160 3220 5265 εῃξ
3255 5209 3269 5223 .
3310 5208 3323 5219 .
3365 5207 3379 5221 .
3422 5203 3436 5217 .
3477 5186 3506 5214 a
3587 5162 3692 5215 180

2171 5268 2262 5321 24.
2288 5268 2366 5320 De
2403 5268 2568 5319 Missa
2610 5286 2640 5319 a
2678 5265 3080 5320 communione
3123 5250 3292 5331 usque
3335 5256 3400 5310 ad
3429 5250 3508 5306 ἶῆ·

2354 5373 2477 5411 nem
2526 5383 3439 5409 .................
3483 5365 3508 5389 n
3591 5339 3694 5390 144
