4487 6316
995 524 1100 578 ²5⁸

815 671 895 730 in·
931 671 1235 763 publicam
1279 670 1475 745 lucem
1508 671 1642 733 late
1684 676 2146 749 promanaturae
2192 667 2354 738 sint,

812 765 1310 855 operaepretium
1333 765 1479 849 duxi
1501 785 1601 826 eas
1626 763 1950 845 Majestati's
1971 763 2136 823 Tuae
2157 762 2358 821 Nomi-

812 857 878 918 ni
914 877 1296 937 nuncupare,
1328 866 1508 938 atque
1532 858 1817 939 adJicere3
1848 875 1987 917 nam
2020 855 2146 916 sive
2174 856 2357 916 bene·

1786 526 1871 576 Dr:
1910 524 2395 578 s.tct’.oswc·ro
2433 525 2649 577 &1188AE
2690 525 3068 595 sacrameto

2585 669 2769 737 1²10,
2806 670 3086 744 ΑΤΟΠΕ
3112 669 3480 733 ERUDJTO
3513 671 3888 758 LECTORI.

2408 828 2417 971 Ι
2483 809 2688 947 Quid
2714 860 2777 917 in
2799 879 2971 920 causa
2997 860 3171 938 fuer-it
3187 908 3203 931 ,
3234 872 3301 920 ut
3319 856 3498 940 ptura
3520 818 3781 922 iot-‘Libro
3807 863 3883 924 de
3900 862 4014 945 Ec-

808 950 1015 1014 ficium
1046 953 1108 1012 in
1133 950 1277 1033 ipsis
1303 962 1648 1019 contentum
1675 952 2053 1025 evolvamuS,
2079 961 2238 1012 certe
2267 953 2359 1019 Tu
2410 978 2415 1039 g
2464 952 2678 1013 clesiae
2707 952 3049 1016 Catholicae
3068 945 3294 1034 pietate
3319 974 3462 1035 erga
3490 956 3740 1016 Animas
3764 956 3832 1016 in
3860 959 4012 1017 Pur·

811 1047 1079 1119 maximo
1093 1047 1534 1155 ’semperillius
1558 1046 1852 1108 desiderio
1888 1046 2195 1128 flagrasti,
2229 1045 2357 1106 sive
2409 1044 2416 1089 ἴ

2465 1047 2696 1125 gatorio
2717 1047 2995 1129 degentes
3015 1050 3366 1127 festinanter,
3383 1061 3438 1108 ee
3458 1052 3834 1110 tumultuario
3858 1070 4016 1131 opere

811 1158 933 1213 ens,
946 1141 1065 1221 qui
1089 1141 1151 1201 in
1177 1142 1382 1202 eodem
1404 1143 1697 1204 beneficio
1714 1141 2008 1203 afficiendi
2031 1150 2194 1213 sunt,
2219 1158 2356 1200 con-
2410 1179 2415 1211 ,
2464 1142 2808 1218 callemi-im,
2833 1153 3006 1221 atque
3035 1146 3346 1204 amicorum
3370 1146 3574 1204 studiis
3596 1145 3827 1222 adjutus
3847 1156 4015 1224 proin

809 1235 1192 1309 sideremus,
1234 1238 1323 1297 Tu
1375 1237 1666 1297 Paternae
1715 1236 1952 1316 pietatis
1992 1233 2356 1296 aemulatrix
2411 1233 2414 1257 ³

2410 1237 2732 1324 temporis
2750 1239 3046 1314 anqustiae
3067 1239 3475 1338 postulabant,
3493 1239 3746 1317 publica·
3755 1240 3885 1297 luce
3912 1239 4013 1297 do·

810 1328 1087 1390 nullius
1077 1326 1343 1408 unquam
1380 1329 1647 1390 studium
1673 1349 1815 1410 erga
1846 1328 2094 1390 Animas
2126 1329 2356 1408 Purga-
2410 1326 2416 1409 Ι
2461 1330 2758 1397 nave-rim,
2783 1349 2887 1408 per
2922 1341 2971 1388 te
3001 1323 3186 1437 ipsum
3216 1332 3524 1407 conjectare
3560 1331 3726 1407 [acite
3753 1332 4007 1409 poteris,

813 1424 968 1484 torio
996 1424 1135 1504 igne
1164 1423 1457 1487 cruciatae
1483 1430 1717 1486 tantum
1751 1423 2017 1484 extitisse
2046 1435 2218 1502 passa
2247 1441 2354 1494 eS,

810 1527 1106 1598 quantum
1130 1518 1328 1579 extitit
1340 1519 1560 1579 Tuum.
1579 1518 1715 1595 Huc
1732 1518 1912 1579 etiam
1931 1517 2176 1588 accedit,
2194 1467 2356 1596 quod

808 1630 946 1675 cum
968 1612 1310 1694 hujusmodi
1334 1613 1691 1673 beneficium
1713 1612 1902 1674 multo
1917 1612 2356 1691 amplissimum

810 1714 1048 1767 sanctae
1077 1706 1230 1767 illae
1251 1707 1504 1767 Animae
1535 1708 1697 1768 Patri
1727 1710 1897 1778 Tuo,
1927 1720 1996 1768 ac
2037 1706 2177 1788 Regi
2223 1725 2357 1767 meo

809 1800 1184 1880 potissimum
1206 1800 1483 1873 debeant,
1508 1801 1624 1863 erit
1645 1802 1910 1881 profecto
1936 1800 2124 1862 Filiae
2143 1820 2357 1875 aman-

811 1893 1073 1973 tissimae
1099 1894 1464 1955 Paternam‘'
1446 1914 1509 1954 m
1523 1894 1643 1955 illo
1665 1895 2012 1976 religionem
2043 1895 2349 1968 venerari,
2410 1904 2415 1981 j

807 1997 990 2067 atque
1024 1988 1329 2069 deligere;
1367 1989 1493 2049 sive
1518 1990 1885 2070 amplissima
1914 1985 2163 2071 Regna,
2196 2009 2355 2070 quae
2410 1994 2415 2082 j

2409 2094 2414 2118 ¹
2463 2082 2622 2138 nium
2655 2081 2936 2141 Fidelium
2956 2081 3364 2160 Defunctorum
3382 2088 3652 2152 recurrit,·
3678 2094 3728 2142 et
3751 2083 3897 2160 quod
3918 2084 4012 2142 de·

809 2081 968 2143 idem
999 2083 1355 2144 beneficium
1382 2082 1836 2164 complectitur,
1874 2094 2249 2165 spectemus,
2280 2104 2351 2146 ea

808 2185 949 2241 sunt
978 2177 1025 2237 1
1029 2177 1327 2249 usitania,
1356 2187 1539 2258 atque
1568 2179 1900 2259 Hispania,
1928 2190 2187 2260 quarum
2215 2179 2352 2241 Tibi

809 2269 1000 2330 altera
1023 2279 1088 2331 ut
1113 2271 1512 2331 Potentissimi
1544 2273 1716 2352 Regis
1739 2261 1931 2333 Filiae
1947 2318 1963 2344 ,
1993 2281 2052 2334 et
2071 2272 2201 2333 Civi
2221 2294 2237 2346 3
2261 2272 2353 2333 al-

810 2372 969 2437 tera,
999 2373 1068 2425 ut
1097 2364 1495 2425 Potentissimi
1529 2366 1706 2447 Regis
1735 2366 2020 2448 Gonjugi,
2072 2386 2140 2428 ac
2182 2366 2355 2447 Regi-

809 2478 947 2530 nae,
969 2457 1244 2520 devincta
1259 2467 1366 2521 est.
1394 2460 1627 2521 Possem
1652 2449 1872 2522 addere
1894 2460 2121 2522 tantam
2144 2461 2357 2522 iu·Ma-

804 2553 1019 2634 jestate
1049 2561 1153 2615 tua
1180 2553 1502 2634 Regiarum
1549 2555 1818 2615 omnium
1851 2554 2149 2625 virtutum
2192 2571 2357 2615 com-

813 2646 1156 2727 plexionem
1187 2667 1313 2707 esse
1338 2691 1354 2717 ,
1395 2656 1618 2709 tantam
1647 2647 1834 2709 animi
1864 2649 1976 2709 Tui
2012 2649 2076 2710 in
2119 2665 2357 2710 summa

814 2740 1107 2821 dignitate
1137 2742 1635 2815 moderationem,
1668 2752 1894 2804 tantam
1920 2744 1982 2804 in
2011 2736 2359 2824 Deumpie-

814 2843 1032 2907 tatem,
1072 2836 1134 2895 in
1165 2855 1382 2916 egenos
1400 2835 1908 2911 'misericordiam
1945 2839 2007 2898 in
2039 2858 2218 2899 omne
2248 2837 2358 2899 ho-

815 2928 1051 2990 minum
1080 2948 1267 3009 genus
1299 2923 1777 3001 humanitatem,
1807 2940 1989 3012 atque
2020 2932 2358 2994 beneficen-

818 3023 1010 3095 tiam,
1032 3033 1111 3083 ut
1136 3042 1259 3083 nou
1289 3024 1464 3084 modo
1495 3024 1877 3099 Lusitaniae,
1910 3026 2360 3134 Hispaniaeque

817 3106 1188 3178 ubiversae
1169 3135 1233 3176 m
1262 3116 1493 3179 deliciis
1523 3119 1965 3198 quodammodo
1990 3119 2112 3195 sis,
2145 3140 2361 3182 verum

804 3210 1001 3273 >etiam
1026 3190 1342 3272 nationum
1378 3213 1651 3273 omnium
1682 3214 1748 3273 in
1782 3215 1865 3275 Te
1897 3214 2358 3276 admirationem

816 3304 1225 3378 convenerim
1257 3314 1324 3366 ut
1356 3325 1562 3367 omnae
1589 3309 1672 3368 Te
1691 3309 1867 3370 velut
1910 3310 2211 3390 Reginam·
2243 3309 2360 3370 ali-

818 3397 1211 3477 quamCaelo
1236 3398 1541 3478 delapsam
1566 3401 1940 3483 suscipiant,
1970 3411 2038 3464 ut
2064 3402 2128 3462 in
2163 3404 2246 3463 Te
2273 3417 2364 3463 ce-

820 3492 1008 3554 lebris
1038 3491 1145 3553 illa
1174 3493 1206 3552 J
1213 3493 1459 3555 udtthae
1498 3495 1860 3574 praedicatio
1903 3496 2137 3558 cadere·
2154 3495 2361 3558 videa-

820 3596 961 3649 tur:
1003 3586 1089 3646 Tu
1116 3589 1390 3665 qloria..
1419 3587 1528 3648 T
1520 3608 1563 3648 u
1590 3591 1849 3650 laetitia.
1926 3590 2064 3651 ‚Tu
2089 3592 2360 3673 honorifi-

819 3684 1003 3741 centia
1027 3681 1239 3761 Populi
1254 3685 1454 3742 nostri.

939 3774 1115 3835 Haec
1122 3783 1320 3836 tamen
1343 3776 1547 3838 omnia
1574 3777 1803 3839 inv-itus
1828 3779 2060 3852 omitto,
2086 3799 2225 3840 cum
2252 3799 2361 3860 po-

820 3868 943 3932 tius
974 3868 1338 3934 laudabilem
1371 3871 1454 3931 Te
1476 3915 1492 3942 ,
1523 3890 1708 3950 quam
1742 3871 2044 3946 laudatam
2077 3892 2202 3935 esse
2234 3882 2362 3934 stu-

821 3961 963 4023 deas
986 4006 1003 4034 ,
1032 3981 1109 4022 ne
1150 3962 1470 4038 modestiae
1515 3970 1652 4030 tuae
1694 3964 1976 4027 molestus
2014 3966 2127 4027 sim
2150 4013 2166 4040 ,
2211 3965 2360 4027 dum

822 4063 989 4117 tuam
1040 4055 1191 4116 mihi
1241 4054 1617 4118 clementiam
1673 4057 1966 4122 demereri
2009 4061 2206 4140 cupio.
2257 4062 2363 4122 Est

821 4149 986 4210 enim
1019 4149 1384 4230 Reginarum
1414 4152 1840 4215 terrenahaec
1872 4154 2315 4234 dispicientium
2341 4200 2358 4229 ,

821 4250 1005 4322 atque
1024 4241 1291 4303 humano
1308 4242 1545 4328 fastigio
1562 4244 1879 4307 celsiorum
1901 4246 1985 4309 ita
1998 4247 2066 4307 in
2088 4247 2263 4308 rectis
2280 4247 2365 4311 fa·
2403 4239 2410 4248 ’

822 4337 933 4399 ctis
957 4356 1021 4397 se
1046 4356 1254 4418 gerere
1281 4384 1297 4407 ,
1326 4349 1395 4398 ut
1419 4339 1928 4417 quemadmodum
1963 4341 2153 4421 ipsam
2183 4361 2364 4403 verae

822 4430 1066 4492 virtutis
1092 4430 1558 4510 pulcritudinem
1603 4444 1940 4514 sequuntur
1966 4457 1982 4509 ς
2027 4436 2113 4496 sic
2158 4435 2365 4497 omnia

823 4524 1024 4599 inanis
1040 4524 1268 4604 gloriae
1287 4525 1697 4592 blandimenta
1716 4529 2052 4609 repudient.
2064 4531 2105 4590 J
2111 4529 2236 4590 llud
2258 4530 2367 4611 igi-

825 4626 927 4680 tur
954 4637 1146 4706 unum
1173 4638 1281 4680 oro
1302 4665 1319 4693 ‚
1355 4629 1539 4700 atque
1571 4624 1815 4684 obsecro
1841 4670 1857 4697 ‚
1892 4633 1962 4685 ut
1993 4643 2213 4684 munus
2254 4624 2368 4685 hoc

825 4731 919 4785 ea,
948 4730 1132 4793 quam
1154 4732 1361 4775 omnes
1378 4716 1796 4796 experiuntur,
1824 4719 2210 4800 benignitate,
2238 4719 2368 4786 Ma-

820 4805 1003 4887 iestas
1033 4813 1132 4866 tua
1160 4805 1440 4887 accipiat,
1474 4828 1689 4890 meque
1708 4811 2016 4873 tenuitatis
2039 4821 2203 4873 meae
2224 4832 2368 4873 con-

824 4897 1150 4960 scium‘tuo
1181 4902 1513 4978 patrocinio
1545 4912 1820 4978 tueatur3
1854 4901 2203 4984 praesertim
2232 4924 2368 4965 cum
2403 4937 2410 4945 ·

829 4988 975 5053 huic
993 4993 1228 5076 muneri
1249 4997 1537 5056 accessuri
1556 5007 1695 5058 sunt
1710 4998 1897 5059 veluti
1919 4998 2235 5079 Appendix
2251 5000 2371 5060 duo

831 5082 977 5143 libri
1008 5083 1091 5143 De
1123 5084 1406 5147 Ecclesiae
1453 5087 1776 5155 Catholicae
1815 5095 2021 5171 pietate
2060 5113 2191 5171 erqa
2220 5092 2371 5152 Ani-

828 5197 952 5240 mas
979 5180 1049 5238 in
1078 5179 1424 5259 Puryamrio
1456 5183 1744 5262 degentes,
1780 5191 1933 5266 quos
1964 5187 2239 5249 secundis
2268 5207 2373 5248 cu-

831 5271 919 5333 ris
946 5274 1317 5356 recognitae„
1346 5284 1408 5337 et
1435 5276 1498 5336 in
1530 5277 1723 5339 lucem
1749 5281 1929 5360 paulo
1957 5292 2087 5362 post
2113 5273 2375 5344 edendos

834 5367 1123 5521 peltlmliari
1144 5370 1222 5431 ad
1255 5370 1575 5489 tenemine
1601 5380 1867 5514 spectare
1887 5375 2292 5455 ,iamdudum
2275 5394 2371 5435 ιιι-

833 5467 891 5521 te
939 5480 1053 5542 igis
1459 5510 1465 5515 -
2277 5509 2280 5512 ι

2411 1414 2416 1479 f
2465 1419 2712 1480 Erudite
2735 1420 2961 1491 lector,
2990 1425 3044 1481 si
3068 1425 3172 1481 tibi
3199 1422 3493 1483 Decretum
3516 1422 3878 1483 Sanctis-simi
3896 1423 4013 1483 Do-

2464 1516 2610 1573 mini
2631 1514 2831 1575 Nostri
2852 1516 3144 1576 Benedicti
3166 1517 3326 1578 XIV.
3356 1517 3648 1598 Pontifieis
3669 1517 3973 1579 Maximi
3949 1537 4014 1576 in

2411 1652 2416 1682 2
2466 1629 2666 1669 ”tanus
2694 1614 2901 1671 venerit
2922 1633 2944 1681 ,·
2971 1611 3268 1672 Decretum
3287 1660 3301 1682 ,
3333 1615 3569 1690 inquam
3593 1660 3608 1682 ,
3639 1632 3748 1690 quo
3775 1614 4015 1690 sinqulis

2411 1704 2416 1731 ³
2465 1701 2861 1764 Sacerdotibus
2883 1708 2947 1764 in
2960 1706 3253 1765 Dominiis
3282 1707 3496 1783 Reyum
3526 1718 3645 1765 tum
3669 1705 4011 1785 Hispaniae,

2409 1797 2949 1879 tum-Lusitaniae
2978 1811 3146 1878 atque
3179 1801 4012 1879 Alqarbiorunucommomnti-

2463 1891 2562 1951 bus
2590 1892 2920 1969 facultatem
2945 1895 3326 1954 concedit-tres
3348 1894 3562 1956 Missas
3590 1895 3906 1954 celebrandi
3927 1895 4016 1954 ctis

2463 1992 2578 2063 qua
2603 1989 2843 2064 sinqulis
2875 1990 3043 2048 annils
3083 1991 3342 2048 solemnis
3389 1988 3852 2048 Commemoratio
3894 2008 4014 2048 om·

2464 2175 2593 2235 inde
2621 2174 2854 2241 Litteris
2897 2174 3232 2255 Apostolicis
3277 2178 3633 2258 confirmavit
3663 2210 3679 2248 -,
3723 2197 3865 2255 quas
3909 2178 4014 2237 tibi

2461 2285 2611 2326 nunc
2638 2270 2901 2328 exhibebo
2927 2290 3055 2329 cum
3081 2272 3316 2349 epistola
3336 2290 3374 2330 a
3396 2290 3485 2329 me
3512 2271 3617 2330 hac
3642 2272 3920 2330 occasione
3947 2271 4014 2329 in

2463 2361 2779 2438 obsequium
2807 2373 2856 2421 et
2889 2365 3045 2440 qrati
3070 2365 3253 2423 animi
3285 2364 3664 2422 testimonium
3693 2382 3828 2441 erga
3855 2362 4013 2422 Pon·

2464 2456 2698 2535 tificiam
2730 2457 3140 2536 beneficentiam
3172 2458 3525 2536 conscripta,-
3570 2456 3811 2516 Librum
3842 2474 4011 2527 cero,

2463 2551 2565 2626 qui
2591 2549 2884 2609 Decretum
2909 2553 3248 2629 praecessit,
3272 2552 3526 2611 secundis
3555 2552 3707 2610 curis
3735 2553 3800 2609 in
3824 2554 4013 2610 metio-

2465 2661 2583 2701 rem
2610 2643 2851 2720 sormam
2881 2646 3213 2715 redactum,
3248 2656 3585 2724 auctumque
3626 2646 3731 2705 tibi
3761 2645 4013 2765 deinceps

2464 2736 2748 2811 exhibebo,

2537 2829 2740 2890 Licet
2768 2852 2893 2892 vero
2920 2835 3303 2907 sanctissimus
3337 2799 3626 2911 Pontifex
3634 2853 3694 2893 eo
3725 2844 3856 2893 esset
3881 2835 4013 2895 ani·

2466 2942 2577 2993 mo,
2608 2944 2717 3002 quo
2747 2926 2939 2998 libens,
2961 2938 3025 2985 ut
3047 2947 3143 3005 eqo
3164 2929 3457 3006 praenati,
3483 2926 3595 3006 piis
3618 2929 3848 3007 Regum
3876 2946 4013 3007 pre-

2468 3015 2640 3089 cibus
2655 3062 2671 3089 ,
2698 3013 2770 3078 ac
2793 3018 3105 3079 desideriis
3126 3020 3521 3093 satisfacerem
3552 3023 3756 3094 (verba
3773 3021 4014 3097 ejusdem

2469 3124 2600 3184 sunt
2627 3115 2690 3173 in
2719 3115 2921 3174 litteris
2944 3115 3093 3176 datis
3120 3117 3208 3176 die
3230 3122 3288 3176 7.
3316 3115 3508 3191 lunii)
3533 3117 3672 3194 quia
3693 3127 3879 3176 tamen
3896 3114 4013 3176 Sa-

2469 3220 2816 3267 cramentum
2838 3209 3004 3287 Reqis
3023 3212 3347 3270 abscondere
3375 3213 3578 3269 bonum
3596 3221 3672 3270 est
3692 3258 3706 3278 ,
3738 3213 3836 3270 hoc
3859 3210 4013 3269 Pon·

2473 3303 2679 3383 tificiae
2721 3304 3029 3371 voluntatis
3064 3307 3419 3384 'propositum
3461 3323 3577 3364 non
3621 3307 3756 3364 aliis
3782 3352 3798 3374 ‚
3842 3323 4015 3398 quam

2469 3398 2799 3474 quibuscum
2825 3399 3174 3475 colloquendi
3200 3400 3444 3473 facultas
3469 3408 3627 3467 erat,
3661 3399 4014 3478 siqnificavi,·

2467 3509 2642 3568 neque
2663 3492 2762 3550 ille
2782 3492 3170 3569 aliquid,sssine
3190 3494 3437 3552 aliorum
3460 3493 3690 3551 consilio
3709 3502 3760 3551 et
3783 3502 4017 3552 matura

2469 3586 2863 3645 deliberatione
2889 3586 3170 3646 decernere
3196 3596 3512 3659 statuerat,
3532 3596 3601 3644 ut
3624 3584 3913 3665 suffraqiis
3938 3604 4018 3645 se-

2469 3679 2560 3737 rio
2586 3679 2872 3756 perpensis
2905 3680 3237 3749 sententiam
3264 3697 3426 3737 suam
3457 3679 3678 3759 finnius
3708 3680 4010 3738 stabiliret.

2471 3770 2523 3830 A
2553 3773 2692 3831 viris
2710 3790 2852 3850 *erqo
2893 3773 3047 3831 omni
3081 3775 3398 3851 exceptione
3439 3772 3746 3850 majoribus
3785 3775 4017 3852 piorum

2470 3865 2686 3942 Requm
2712 3876 2760 3924 et
2785 3864 3134 3944 Populorum
3160 3865 3564 3943 indulyendum
3584 3886 3691 3925 esse
3712 3868 3874 3935 votis,
3899 3886 4018 3925 om-

2468 3961 2663 4027 nium,
2690 3960 2742 4017 si
2767 3958 2902 4018 duos
2928 3960 3178 4038 excipias
3196 4006 3212 4028 ‚
3237 3961 3583 4018 consensione
3603 3961 3868 4020 unanimi
3884 3979 4016 4019 con·

2469 4055 2733 4118 stitutum
2754 4061 2850 4112 est.
2888 4050 3021 4126 Qua
3046 4055 3112 4111 in
3138 4073 3199 4112 re
3225 4055 3499 4117 neminem
3527 4054 3698 4113 latere
3719 4056 3842 4112 volo
3870 4052 4019 4132 quod

2471 4148 2720 4207 maxime
2743 4147 2932 4224 [uisset
2956 4148 3361 4218 admirationi,
3391 4149 3506 4207 nisi
3532 4149 3597 4208 de
3622 4149 3721 4208 hoc
3742 4149 3860 4227 ipso
3879 4148 4018 4226 plu·
4109 4227 4112 4230 Ι

2470 4242 2582 4301 ries
2608 4243 2906 4319 repetitum
2934 4243 3378 4319 experimentum
3417 4242 3545 4319 jam
3587 4252 3757 4302 antea
3794 4240 4018 4301 habuis-

2472 4353 2603 4393 sem.
2639 4332 3078 4418 Quatuordecim
3099 4336 3325 4413 [ueram
3355 4335 3750 4417 suffraqatores
3777 4336 3892 4393 ciri
3916 4334 4019 4392 do-

2473 4430 2707 4488 ctissimi
2737 4475 2753 4498 ,
2783 4439 2833 4487 et
2878 4430 2944 4487 in
2971 4428 3398 4490 Ecclesia-eticae
3442 4430 3774 4507 disciplinae
3813 4427 4018 4487 studiis

2479 4523 2836 4581 versatissimi
2864 4569 2879 4591 ‚
2910 4524 3011 4600 qui
3035 4524 3111 4582 ad
3138 4524 3282 4582 diem
3305 4542 3478 4601 usque
3509 4525 3602 4581 15.
3634 4519 3790 4579 Julii
3810 4522 4018 4599 proxi·

2476 4635 2559 4675 me
2589 4618 2765 4696 elapsi
2789 4617 2940 4676 nihil
2975 4619 3201 4696 penitus
3242 4636 3349 4676 sese
3391 4618 3541 4676 inter
3580 4615 4019 4675 communicave-

2476 4718 2612 4768 rant
2642 4756 2657 4778 ,
2686 4710 2837 4768 nihil
2861 4711 3009 4770 alter
3035 4711 3099 4769 de
3125 4711 3360 4770 alterius
3383 4711 3660 4770 sententia
3685 4710 4018 4779 resciverat,

2478 4812 2645 4880 atque
2678 4823 2804 4863 cum
2834 4805 2997 4878 nullo
3029 4808 3280 4882 (praeter
3304 4805 3471 4878 duos)
3507 4803 3778 4864 Summus
3811 4791 4018 4864 Ponn‘L

2479 4896 2577 4973 fea:
2603 4898 2793 4966 dehoc
2817 4900 3033 4976 neyotio
3059 4899 3257 4977 paucis
3296 4900 3508 4959 locutus
3535 4899 3725 4976 fuerat
3748 4919 3771 4965 ,·
3802 4899 4022 4957 nullius

2477 4992 2810 5051 sententiam
2825 5035 2842 5064 ,
2863 4991 3149 5068 judicium
3164 5038 3181 5060 ,
3205 4992 3491 5069 aliquidve
3506 5039 3523 5062 ‚
3546 5011 3657 5069 quo
3678 4992 3898 5064 erudiri
3915 5001 4024 5052 aut

2481 5082 2790 5161 informari
2816 5092 2996 5162 posset
3023 5129 3038 5151 ‚
3071 5082 3390 5148 audiverat.
3426 5083 3487 5144 Ε
3490 5095 3511 5144 t
3543 5094 3728 5145 tamen
3765 5083 4023 5162 vioecpri-

2480 5195 2634 5235 mum
2674 5177 2750 5236 acl
2782 5176 2988 5256 pedum
3028 5176 3222 5237 oscula
3262 5179 3462 5237 accessi
3489 5222 3505 5246 ,
3550 5178 4024 5256 sapientissimum

2482 5269 2810 5351 Pontificem
2839 5272 2904 5329 in
2927 5280 3256 5348 argumento
3275 5315 3296 5341 ,
3324 5271 3390 5342 de
3416 5291 3526 5350 quo
3550 5272 3821 5349 aqebatur
3839 5295 3862 5341 ,Α
3888 5269 4027 5340 adeo

2481 5374 2762 5424 versatum
2788 5357 3120 5444 deprehendi
3148 5412 3165 5435 ,
3196 5374 3262 5425 ut
3287 5366 3438 5425 nihil
3462 5367 3574 5446 ipsi
3592 5367 3747 5444 juris
3773 5412 3790 5435 ,
3819 5365 3907 5425 vel
3931 5363 4024 5440 fa·-

2480 5459 2559 5517 cti
2586 5505 2610 5528 ,
2631 5459 2783 5519 nihil
2807 5458 2956 5537 quod
2978 5459 3056 5520 ad
3088 5457 3441 5540 Theoloqiam
3467 5468 3588 5520 tum
3613 5459 3899 5522 Moralem
3922 5466 4026 5522 συί
