4487 6316
487 2068 763 2111 susincnbo-

486 2126 772 2168 citrei-tieem-

490 2194 562 2232 οη
633 2182 774 2226 Altare

430 2285 436 2291 ,
485 2238 688 2282 authenti.

534 4595 701 4652 Appon-⁸

1003 515 1071 586 ,¹⁰
1786 522 1874 580 ns
1912 520 2399 579 sscnossncro
2435 520 2652 578 uisse
2689 522 3067 585 smmricio

806 656 1110 721 celebrari
1154 663 1545 727 conmevisse.
1595 666 1685 727 De
1725 666 1914 730 Cmce
1931 713 1948 741 ,
1995 688 2177 749 super
2203 666 2373 728 Alta-

818 754 980 814 rium
1017 774 1250 819 mensas
1284 757 1598 833 collocata,
1635 760 1804 824 nulla
1845 762 2107 842 profecto
2147 761 2375 823 mentio

822 848 893 911 fit
943 870 1138 931 neque
1182 852 1244 912 in
1289 853 1717 917 vetustioribus
1760 856 2055 920 Ecclesiae
2108 858 2374 920 Graecae

822 946 1253 1019 monumentis,
1284 967 1479 1028 neque
1523 948 2059 1032 inantiquioribus
2089 952 2374 1014 Romanis

819 1039 1152 1102 Ordinibus
1172 1086 1190 1115 ,
1237 1044 1401 1122 quod
1445 1045 1786 1107 observavit
1829 1045 2009 1107 etiam
2053 1047 2267 1108 Thiers
2307 1047 2372 1108 in

822 1134 1065 1195 Dissert.
1104 1135 1180 1197 de
1213 1136 1549 1217 praecipuis
1574 1138 1799 1200 Altaris
1830 1139 2201 1201 ornamentis
2233 1160 2365 1220 cap.

823 1234 916 1288 18.
947 1230 1099 1310 quin
1125 1231 1307 1292 etiam
1335 1232 1672 1294 testimonia
1698 1233 1970 1313 proferre
1994 1234 2133 1295 licet
2154 1234 2372 1299 Leonis

822 1324 929 1384 tv,
951 1369 968 1397 ,
999 1325 1224 1386 Raterii
1252 1325 1526 1407 Episcopi
1555 1327 1948 1403 Veronensis,
1977 1337 2039 1391 et
2064 1328 2373 1390 Remensis

819 1419 1129 1501 cujusdam
1159 1420 1385 1503 Synodi
1413 1422 1574 1502 apud
1611 1424 1981 1497 Bucardum,
2011 1423 2235 1505 quibus
2276 1442 2373 1483 os-

821 1514 1088 1575 tenditur
1114 1515 1199 1576 nil
1219 1516 1554 1598 quidquam
1582 1517 1838 1592 licuisse,
1859 1539 2045 1600 quam
2065 1537 2374 1581 sacrarum

820 1628 1058 1689 capsam
1084 1610 1501 1692 Reliquiarum
1517 1658 1533 1685 ,
1570 1620 1678 1674 aut
1702 1613 2168 1695 Evangeliorum
2195 1612 2373 1674 Codi-

819 1724 979 1778 cem,
1007 1714 1116 1768 aut
1138 1726 1371 1769 sacram
1397 1707 1687 1790 Pyxidem
1703 1754 1720 1782 ,
1750 1708 1815 1768 in
1841 1727 1963 1788 qua
1990 1707 2211 1770 Christi
2239 1714 2374 1769 cor'-

820 1817 934 1878 pus
956 1809 1298 1864 servaretur
1322 1821 1434 1885 pro
1468 1801 1756 1878 infirmis,
1788 1822 1967 1884 super
1997 1802 2230 1866 Altaria
2257 1802 2374 1863 im-

823 1912 1089 1973 ponere.-
1562 1964 1565 1967 ,

939 1994 997 2049 3.
1015 1989 1128 2051 Sed
1155 1991 1483 2053 certissima
1511 1991 1848 2065 inEcclesia
1865 2001 1995 2055 tum
2008 1991 2373 2055 Graecatum

815 2084 1032 2145 Latina
1058 2103 1179 2146 non
1205 2084 1422 2153 desunt
1445 2096 1800 2167 argumenta
1820 2133 1837 2160 ,
1871 2087 2088 2150 Cruces
2124 2086 2372 2167 imposi-

816 2187 905 2240 tas
932 2178 1114 2240 fuisse
1152 2180 1216 2240 in
1255 2199 1490 2242 summo
1531 2182 1758 2244 Ciborii
1795 2182 2019 2243 vertice
2056 2201 2237 2261 super
2262 2180 2368 2242 Al-

816 2283 943 2336 tare
991 2274 1298 2349 collocati;
1355 2275 1579 2338 Paulus
1623 2276 1787 2337 enim
1814 2275 2195 2338 Silentiarius
2220 2294 2360 2337 cum

812 2368 1017 2433 Altare
1053 2370 1337 2435 describit
1364 2371 1427 2431 in
1465 2371 2123 2452 Constantinopolitano
2160 2372 2221 2433 S.
2266 2371 2369 2432 So·

813 2466 991 2546 phiae
1020 2466 1239 2546 templo
1267 2475 1564 2539 erectum,
1596 2466 1716 2528 ait:
1747 2463 1946 2527 Medio
1968 2468 2032 2526 in
2060 2469 2174 2527 loco
2200 2465 2369 2527 Cibo-

815 2566 895 2622 rii
912 2563 1214 2641 fulqcntem
1231 2582 1306 2622 ex
1324 2572 1555 2639 arqento
1579 2559 1742 2622 Caeli
1759 2564 2061 2639 imaqincm
2079 2562 2366 2641 imposuit,

812 2677 977 2737 super
1005 2657 1241 2717 Caelum
1273 2654 1443 2716 Crux
1465 2657 1872 2735 mpcrcmincns
1902 2658 2243 2735 conspicitur
2264 2674 2285 2715 .·
2313 2664 2374 2718 et

816 2753 1161 2834 Anastasius
1188 2752 1250 2812 in
1278 2751 1419 2812 Vita
1447 2750 1747 2811 Benedicti
1786 2751 1866 2811 11.
1899 2749 2049 2811 Fecit
2076 2752 2141 2811 in
2166 2750 2369 2811 Eccle-

814 2848 902 2905 sia
930 2845 1003 2904 B.
1036 2846 1269 2907 Mariae-
1287 2847 1363 2905 ad
1384 2845 1677 2924 Martyres
1690 2864 1856 2924 super
1874 2843 2077 2905 Altare
2092 2855 2372 2924 cooperto-

814 2946 969 3001 rium
986 2943 1438 3021 ,amphyreticum
1461 2961 1589 3000 cum
1621 2938 1670 3000 C
1670 2961 1800 3000 mcc
1829 2949 1878 3001 ct
1899 2942 2168 3025 qcmmis:
2208 2939 2372 3000 unde

818 3037 925 3097 lux
950 3036 1198 3117 affulget
1222 3035 1298 3097 ad
1328 3035 1753 3096 illustrandum
1779 3034 2143 3096 Turonensis
2155 3033 2368 3096 Conci-

818 3131 886 3193 lii
915 3131 1061 3195 Can.
1094 3136 1150 3193 3.
1182 3150 1363 3212 quem
1389 3149 1572 3211 supra
1599 3129 2081 3197 memoravimus.
2108 3130 2202 3192 Ex
2227 3128 2367 3211 qui-

817 3226 931 3288 bus
968 3224 1165 3288 ominis
1197 3224 1434 3287 sublata
1462 3225 1700 3287 videtur
1726 3224 2161 3296 controversia,
2192 3222 2367 3285 satis-

814 3340 935 3401 que
976 3319 1311 3384 ostenditur
1359 3329 1531 3381 vetus
1576 3327 1636 3380 et
1673 3318 1827 3379 nulli
1878 3318 2066 3379 dubio
2100 3317 2367 3380 obnoxia

814 3416 1217 3487 observantia,
1236 3412 1473 3474 nonnisi
1500 3412 1578 3475 ad
1601 3412 1808 3474 Crucis
1824 3420 2203 3492 conspectum
2222 3410 2367 3478 Mise

815 3529 941 3570 sam
980 3508 1361 3582 celebrandi;
1397 3526 1732 3588 eorumque
1766 3506 2079 3586 repellitur
2117 3525 2240 3566 non
2278 3506 2367 3568 fe-

817 3604 1003 3665 renda
1029 3602 1301 3674 audacia,
1317 3601 1425 3682 qui
1453 3609 1769 3682 postquam
1794 3599 2000 3661 Crucis
2026 3599 2191 3661 locus
2216 3607 2368 3661 tem-

818 3720 1033 3780 porum
1059 3707 1126 3760 ut
1150 3696 1221 3758 fit
1245 3696 1633 3759 conversione
1660 3705 1923 3758 mutatus
1946 3703 2077 3770 est,
2115 3715 2371 3776 eamque

815 3794 1091 3875 probavit
1116 3792 1378 3855 Ecclesia
1409 3791 1903 3854 consuetudinem
1928 3837 1945 3867 ,
1974 3800 2104 3853 ute
2139 3791 2368 3853 Ciborii

816 3889 1037 3950 vertice
1062 3888 1223 3950 Crux
1249 3907 1428 3968 super
1455 3886 1679 3949 Altaris
1706 3888 1977 3949 Mensam
2003 3895 2327 3968 poneretur
2349 3932 2366 3960 ‚

817 4005 927 4065 pro
950 4003 1021 4046 ea
1047 4003 1172 4065 qua
1197 3993 1495 4044 vexantur
1514 4027 1530 4054 ,
1562 3982 1766 4058 omnia
1792 3981 2187 4062 permiscendi
2227 3981 2371 4044 libi-

818 4078 962 4140 dine
985 4126 1003 4153 ,
1031 4077 1337 4160 postulant
1360 4078 1441 4141 ab
1467 4076 1658 4138 Altari
1687 4078 1936 4139 Crucem
1962 4074 2228 4138 amoveri
2257 4121 2273 4148 ‚
2303 4094 2373 4137 ac

812 4174 1166 4254 praesertim
1221 4173 1466 4256 quando
1523 4172 1705 4234 Missa
1742 4170 2107 4233 celebratur.
2149 4168 2375 4231 Scribit

817 4271 1126 4334 (laventus
1166 4270 1417 4333 Crucem
1465 4286 1647 4348 super
1696 4266 1902 4328 Altare
1948 4266 2202 4329 locatam
2248 4283 2375 4326 esse

820 4377 1094 4447 oportere
1120 4411 1136 4438 ‚
1173 4362 1408 4425 etiamsi
1443 4360 1601 4424 adsit
1635 4367 1831 4423 statua
1858 4359 1954 4422 vel
1992 4359 2191 4441 imago
2227 4358 2374 4420 Cru-

820 4461 1006 4534 cifixi‘,
1037 4456 1462 4541 quaeGavanti
1482 4454 1776 4518 sententia
1801 4453 2079 4535 pluribus
2107 4454 2236 4516 Sac.
2266 4454 2372 4516 Ri-

704 4590 783 4633 „,‚,
823 4563 996 4615 tuum
1042 4551 1533 4635 Congregationis
1580 4548 1902 4630 Rescriptis
1942 4547 2252 4609 evertitur.
2302 4550 2373 4610 In

490 4663 615 4751 *ἔξω
633 4654 781 4747 3¹¹}ss
820 4647 1253 4718 caeremoniali
1276 4648 1704 4729 Episcoporum
1732 4643 1840 4705 lib.
1878 4647 1933 4703 1.
1964 4662 2092 4723 cap.
2124 4642 2379 4704 12.scri-

494 4770 597 4816 mi,
617 4763 685 4805 ..ba
704 4764 781 4826 ss.
823 4752 996 4825 ptum
1020 4754 1110 4806 est
1135 4790 1152 4818 ‚
1181 4744 1387 4805 decere
1413 4788 1429 4815 ,
1463 4761 1538 4801 ne
1567 4740 1633 4801 in
1659 4738 1850 4801 Altari
1871 4783 1886 4811 ,
1918 4737 2026 4798 ubi
2064 4735 2376 4799 Sanctissi-

491 4824 748 4924 ssffiffl?
826 4860 926 4903 ma
950 4840 1282 4902 custoditur
1304 4835 1684 4901 Eucharistia
1701 4881 1718 4908 ,
1748 4834 1965 4896 Missae
1992 4831 2262 4912 privatae
2289 4851 2380 4892 ce-

823 4934 1158 4997 lebrentur:
1189 4934 1275 4995 Ac
1298 4932 1348 4994 si
1380 4932 1445 4993 in
1471 4952 1543 4993 eo
1570 4930 1762 4993 Altari
1790 4928 2191 4999 celebrentur,
2222 4944 2375 4987 non-

826 5048 1005 5092 nemo
1022 5027 1350 5091 arbitratus
1373 5036 1461 5088 est
1473 5047 1596 5088 non
1623 5033 1898 5105 oportere
1921 5022 2170 5086 Crucem
2190 5039 2376 5100 appo-

827 5123 917 5196 ni,
947 5141 1085 5185 cum
1115 5119 1285 5182 nulla
1310 5119 1565 5200 postulet
1585 5117 1740 5180 ratio
1760 5116 2086 5196 imaginem
2114 5115 2197 5176 ibi
2224 5133 2373 5187 esse,

827 5221 934 5282 ubi
964 5221 1071 5284 ille
1095 5216 1368 5297 adsitqui
1391 5235 1461 5277 ea
1485 5212 1749 5294 imagine
1771 5210 2113 5274 exhibetur.
2144 5211 2376 5271 Verum

828 5337 965 5377 cum
992 5313 1182 5378 oculis
1216 5320 1450 5373 tantum
1486 5305 1651 5374 Fidei
1692 5306 1797 5368 ille
1832 5306 2182 5369 observetur
2204 5350 2221 5377 ,
2254 5324 2372 5365 non

830 5430 973 5471 vero
999 5408 1189 5470 oeulis
1212 5406 1500 5487 corporis,
1530 5412 1841 5483 propterea
1855 5420 2088 5462 necesse
2112 5409 2220 5472 est,
2237 5420 2373 5460 cum

821 5516 1003 5582 Missa
1031 5512 1369 5577 celebratur
1392 5552 1408 5581 ,
1442 5512 1509 5566 ut
1536 5498 1819 5565 Crucissxi
1849 5497 2047 5577 imago
2074 5504 2180 5559 aut
2214 5495 2374 5556 Crux

2485 684 2664 745 super
2694 666 2899 727 Altare
2923 666 3002 729 sit
3026 667 3314 747 exposita.
3351 668 3689 732 videantur
3720 670 4050 733 Clericattu

2484 758 2558 818 de
2584 759 2889 820 Sacrificio
2918 761 3134 823 Missae
3159 762 3349 822 DeciS.
3391 766 3490 823 43.
3530 783 3636 824 nu.
3668 769 3725 823 6.
3773 765 4040 826 Meratus

2485 860 2625 914 tom.
2662 860 2717 915 1.
2748 856 2824 916 ad
2852 855 3192 917 Gavantum
3221 876 3349 935 par.
3389 862 3621 937 1.·pag.
3657 863 3794 917 295.
3841 877 3948 918 nu.
3978 864 4039 917 6.

2480 954 2540 1007 et
2559 966 2684 1028 seq.
2720 949 3069 1028 praesertim
3090 970 3227 1010 cum
3248 950 3625 1013 Eucharistia
3650 951 3712 1010 in
3737 952 4043 1012 Taberna-

2478 1041 2615 1102 culo
2638 1043 3007 1106 custodiatur
3041 1052 3267 1106 semota
3292 1047 3370 1106 ab
3410 1046 3601 1107 oculis
3636 1046 3886 1126 populi,
3933 1065 4041 1106 nec

2479 1136 2756 1215 publicae
2790 1138 3161 1200 venerationi
3203 1139 3472 1219 exposita
3508 1139 3620 1213 sit,
3661 1149 3731 1201 ut
3751 1141 4046 1202 ⁴observat

2480 1230 2745 1304 Quartus
2778 1233 2856 1294 ad
2898 1233 3190 1296 Rubricas
3233 1233 3492 1296 Missalis
3525 1255 3656 1316 par.
3703 1241 3759 1296 1.
3787 1234 3897 1296 m.
3939 1239 4038 1296 20.

2479 1324 2625 1387 duh.
2656 1331 2750 1389 10.
2781 1326 2847 1409 S.
2882 1325 3155 1408 Opposita
3180 1332 3474 1390 sententia.

2599 1423 2657 1480 4.
2690 1422 2778 1481 De
2805 1421 3167 1484 Luminibus
3190 1443 3348 1503 quae
3374 1423 3610 1505 scripsit
3636 1424 3858 1485 Vertus
3885 1469 3903 1496 ,
3932 1442 4043 1485 nos
4078 1433 4400 1498 romaz-qm.

2482 1511 2628 1573 alibi
2657 1513 3074 1579 refutavimus.
3107 1517 3259 1579 Cum
3285 1518 3339 1578 V
3343 1527 3471 1580 erto
3509 1517 3668 1580 idem
3695 1517 3919 1579 sentire
3958 1518 4045 1579 vi·
4081 1490 4297 1591 &12:⁸22
4316 1548 4397 1589 bo·

2482 1607 2657 1670 detur
2707 1609 3053 1672 Joachimus
3112 1611 3564 1674 Hildebrandus
3625 1612 4044 1673 Heterodoxus
4071 1608 4398 1704 π’·’ζξῑάῖιξε

2482 1704 2706 1765 Auctor
2731 1703 2797 1765 in
2822 1724 2932 1766 suo
2958 1725 3139 1787 opere
3165 1708 3325 1789 typis
3359 1705 4043 1769 Amestelodamensibus
4080 1722 4301 1785 umen-53
4324 1751 4337 1772 .

2481 1796 2642 1859 edito
2668 1817 2770 1859 an.
2806 1804 2980 1861 1702.
3011 1800 3107 1862 cui
3138 1800 3371 1875 titulus,
3403 1800 3590 1861 sacra
3619 1800 3862 1862 Publica
3887 1798 4042 1860 Vm-
4082 1784 4398 1876 mmm:

2480 1894 2564 1953 ris
2605 1892 2890 1956 Ecclesiae
2929 1897 2994 1955 in
3024 1898 3408 1977 compendium
3447 1897 3676 1958 redacta
3703 1944 3718 1966 ,
3758 1914 3894 1977 pag.
3939 1900 4038 1956 21.
4083 1891 4397 2006 2⁸⁸3:ae

2481 1986 2707 2048 Locum
2731 1989 3018 2069 expendit
3042 2009 3121 2051 ex
3146 1989 3310 2052 Actis
3322 1990 3748 2071 Apostolorum
3771 2011 3902 2071 cap.
3936 1996 4036 2052 20.
4079 2005 4387 2052 animm».

2481 2080 2545 2142 in
2573 2101 2696 2163 quo
2724 2084 2935 2147 scribit
2958 2085 3019 2146 S.
3049 2087 3262 2159 Lucus,
3294 2086 3513 2148 multas
3542 2086 3725 2148 fuisse
3749 2084 4047 2147 collucen-

2481 2183 2565 2237 tes
2591 2176 2897 2258 lampades
2920 2225 2937 2253 ,
2965 2180 3069 2241 ubi
3101 2183 3172 2242 D.
3214 2176 3438 2242 Paulus
3466 2181 3530 2242 in
3569 2180 3871 2243 Fidelium
3903 2200 4045 2243 eon-

2478 2280 2660 2333 veutu
2675 2318 2692 2346 ,
2723 2274 2831 2353 qui
2856 2273 2935 2335 ad
2962 2274 3403 2338 Eucharistiam
3429 2275 3872 2357 suscipiendam
3896 2295 4042 2337 con·

2476 2376 2810 2442 venerant,
2860 2370 3117 2431 verbum
3156 2371 3265 2432 Dei
3305 2371 3709 2451 praedicabat.
3750 2370 3866 2435 Sed
3903 2390 4043 2432 cum

2478 2461 2795 2541 Apostolus
2818 2462 2896 2525 ad
2925 2464 3187 2526 mediam
3224 2475 3458 2526 noctem
3484 2484 3823 2526 sermonem
3860 2484 4043 2525 suum

2477 2555 2885 2634 produxisset,
2932 2557 3313 2637 lampadibus
3338 2603 3355 2631 ‚
3407 2559 3497 2620 ait
3539 2558 3991 2621 Hildebrandus
4015 2603 4035 2630 ‚

2476 2647 2908 2712 collucentibus
2929 2670 3083 2731 opus
3120 2650 3300 2712 fuisse
3324 2697 3341 2724 ,
3372 2659 3442 2713 ut
3468 2652 3751 2713 tenebrae
3784 2650 4044 2731 depelle-

2477 2751 2707 2805 rentur.
2741 2746 2967 2820 Addit,
3000 2746 3195 2808 tribus
3222 2746 3433 2826 primis
3457 2746 3757 2808 Ecclesiae
3786 2745 4043 2808 saeculis

2478 2835 2711 2901 lumina
2735 2840 2982 2921 quidem
3007 2842 3086 2903 ad
3115 2839 3488 2903 Sacrificium
3519 2840 4039 2914 fuisse.adhibita;

2475 2934 2578 2995 sed
2604 2954 2725 2996 non
2759 2935 3006 2997 aliunde
3034 2936 3095 2997 id
3134 2935 3359 2999 factum
3380 2982 3396 3008 ,
3427 2955 3615 3016 quam
3652 2936 3818 3016 quod
3859 2935 4062 3013 Chri--

2475 3028 2660 3113 stiani
2691 3031 2806 3092 sibi
2832 3032 2911 3092 ab
2947 3030 3219 3092 Ethnicis
3255 3030 3734 3111 persecutoribus
3771 3040 4039 3092 metuen-

2478 3132 2593 3199 tes,
2638 3126 2995 3189 antelucano
3033 3134 3300 3207 tempore
3339 3126 3585 3189 Missam
3634 3125 4034 3189 celebrarent.

2478 3220 2721 3283 Fatetur
2748 3222 2892 3284 item
2920 3231 3137 3303 quarto
3163 3221 3421 3294 saeculo,
3443 3230 3613 3302 parta
3642 3221 3907 3284 Ecclesia
3935 3241 4038 3302 pa-

2475 3335 2541 3376 ce
2561 3363 2578 3390 ,
2609 3317 2911 3380 luminum
2939 3337 3117 3377 usum
3142 3316 3512 3379 Christianos
3546 3316 3864 3378 retinuisse
3882 3361 3899 3389 ,
3929 3316 4034 3378 sed

2477 3411 2539 3471 in
2568 3412 2907 3493 Perviligiis
2933 3413 3377 3485 tantummodo,
3408 3432 3547 3473 cum
3577 3410 3853 3491 proxima
3880 3430 4040 3491 quae

2476 3505 2806 3568 Festivitati
2837 3507 3214 3587 praecederet
3250 3506 3349 3568 die
3369 3552 3385 3578 ,
3415 3527 3522 3586 per
3550 3513 3734 3567 totam
3763 3505 3889 3567 fere
3926 3525 4039 3567 no—

2476 3609 2629 3662 ctem
2656 3601 2895 3683 vigilias
2922 3602 2986 3661 in
3015 3600 3294 3661 Ecclesiis
3329 3599 3648 3682 agitarent.
3683 3599 3810 3661 Sub
3852 3599 4040 3663 finem

2476 3715 2620 3757 vero
2652 3701 2710 3756 4.
2743 3695 2961 3757 saeculi
2993 3702 3379 3756 monumenta
3404 3694 3615 3756 scribit
3639 3703 3868 3766 extare,
3900 3689 4040 3773 qui·

2478 3789 2592 3851 bus
2617 3789 2916 3851 evincitur
2944 3834 2961 3862 ,
2990 3787 3171 3850 etiam
3208 3808 3347 3849 cum
3367 3789 3495 3869 jam
3533 3787 3831 3848 illuxisset
3866 3786 3994 3848 dies
4015 3831 4036 3859 ,

2478 3884 2709 3947 lumina
2750 3884 2990 3948 accendi
3035 3882 3411 3945 consuevisse
3433 3927 3452 3956 ,
3511 3902 3650 3944 cum
3691 3890 4037 3944 cantaretur

2478 3978 2876 4061 Evangelium
2900 4024 2918 4051 ,
2947 3986 3009 4039 et
3032 3984 3481 4039 consecraretur
3509 3974 3889 4038 Eucharistia
3910 4020 3929 4049 ,
3949 4037 3954 4044 ,
3971 3974 4037 4037 in

2479 4070 3008 4154 signum-laetitiae
3041 4078 3103 4132 et
3136 4069 3362 4152 gaudii.
3405 4069 3680 4149 Denique
3706 4068 3768 4129 S.
3809 4067 4036 4150 Grego-

2480 4167 2642 4228 rium
2668 4165 2970 4228 existimat
2987 4163 3333 4246 hujusmodi
3347 4163 3727 4243 disciplinam
3744 4162 4041 4228 collucen-

2481 4260 2632 4322 tium
2659 4260 2841 4324 etiam
2867 4279 2976 4340 per
3002 4258 3161 4321 diem
3199 4257 3500 4320 luminum
3539 4277 3894 4339 propagasse
3921 4279 3938 4330 ;
3977 4267 4039 4319 et

2480 4356 2884 4419 Sabinianum·
2927 4356 3246 4417 Auctorem
3288 4352 3471 4415 fuisse
3496 4396 3514 4426 ,
3563 4359 3634 4412 ut
3686 4352 3751 4413 in
3802 4350 4041 4431 templis

2478 4451 2855 4515 etiam‘extra
2880 4447 3168 4512 Sacrificii
3197 4457 3432 4528 tempus
3455 4454 3780 4527 perpetuus
3804 4445 4037 4527 lampa-

2480 4549 2628 4611 dum
2652 4554 2805 4608 oeset
2827 4564 3006 4606 usus:
3047 4542 3440 4624 quamobrem
3477 4539 3825 4615 concludit„
3854 4539 4038 4602 etiam

2482 4641 2857 4704 Lutheranos
2881 4664 2911 4711 ,·
2928 4659 2962 4699 e
2988 4656 3249 4717 quorum
3285 4634 3593 4714 ipse-secta
3618 4639 3752 4694 erat
3775 4678 3792 4706 ,
3823 4632 4042 4704 Missae

2485 4745 2749 4815 tempore
2787 4731 3065 4795 candelas
3114 4747 3391 4792 accensas
3435 4725 3746 4790 adhibere.
3808 4726 4040 4787 Verum

2483 4850 2621 4892 cum
2647 4829 2852 4910 paucis
2877 4846 3035 4910 quae
3070 4844 3215 4886 vera
3251 4833 3392 4906 sunt
3413 4869 3430 4897 ‚
3472 4822 3664 4884 multa
3701 4840 3860 4902 quae
3895 4829 4038 4883 sunt

2485 4925 2636 4987 salsa
2663 4925 2994 5005 permiscet.
3027 4918 3423 4982 Verissimum
3457 4917 3703 4999 quidem
3732 4925 3819 4978 est
3840 4962 3856 4989 ,
3898 4936 4036 4996 per-

2482 5018 2801 5083 secutionis
2827 5027 3092 5097 tempore
3116 5023 3439 5076 nocturnos
3463 5011 3647 5074 fuisse
3671 5009 4039 5073 Christiano-

2485 5135 2622 5176 rum
2647 5121 2996 5177 conventus:
3025 5117 3339 5171 consecuta
3362 5126 3506 5168 vero
3533 5106 3714 5168 fuisse
3739 5114 4034 5185 tempora,

2482 5228 2619 5271 cum
2648 5207 2711 5269 in
2738 5204 3014 5268 Ecclesiis
3042 5202 3141 5288 die
3162 5247 3178 5274 ,
3206 5220 3363 5281 quae
3390 5200 3719 5262 Festivitati
3757 5198 4036 5279 proxime

2482 5301 2780 5383 praeiret,
2811 5308 3105 5361 nocturna
3131 5294 3454 5377 Pervigilia
3478 5295 3818 5378 agitarent,
3847 5294 4032 5356 lumi-

2483 5418 2563 5459 na
2608 5415 2735 5457 esse
2768 5394 3084 5464 adhibitaz
3125 5392 3198 5454 iis
3233 5401 3556 5454 nocturnas
3595 5391 3872 5452 tenebras
3906 5408 4034 5450 esse

2484 5491 2761 5574 depulsas
2789 5511 2804 5551 ε
2835 5489 2983 5553 haec
3011 5508 3155 5552 vera
3179 5486 3405 5550 omnia.
3442 5485 3603 5548 lllud
3632 5494 3834 5548 autem
3861 5504 3899 5547 a
3936 5503 4038 5544 ve-
