4487 6316
104 1850 283 1902 ‘rs-imi·
311 1861 397 1903 Ee·

97 1914 253 1958 enta-e
307 1931 397 1959 sae·

98 1973 208 2014 culis
240 1972 399 2016 Altaria

95 2038 219 2072 erant
250 2030 401 2089 lignea.

1805 550 1915 608 Lm
1972 551 2010 608 l·
2050 546 2191 604 CAP.
2230 548 2299 606 ll.
3434 551 3466 597 7

434 696 663 757 remit
694 706 794 756 etc.
823 694 895 757 Si
924 696 1115 759 lituris
1132 696 1469 775 judie-iones
1497 695 1647 758 vobis
1672 695 1889 758 sordidi
1905 700 1992 758 ci-

432 794 734 861 debamur,
764 793 903 871 quid
943 794 1092 852 vobis
1130 793 1336 871 [ecerat
1364 793 1548 864 Deus,
1590 793 1692 873 qui
1720 797 1861 854 illuc
1900 792 1993 855 in·

435 888 627 948 vocari
651 895 1045 947 consuet-erat?
1075 886 1234 961 Quid
1262 908 1353 949 vos
1380 886 1686 969 offendistis
1707 893 1877 950 etiam
1902 909 1994 950 vos

436 984 578 1062 ipsi,
607 984 808 1047 ut·‚illa
835 981 1073 1043 Altaria
1103 984 1467 1061 [raupa-etis,
1514 984 1577 1043 in
1617 982 1819 1063 quibus
1863 995 1994 1045 ante

430 1097 530 1137 nos
550 1097 653 1157 per
670 1079 847 1155 *lonqa
875 1087 1181 1156 temporum
1203 1076 1390 1158 spatia
1414 1089 1622 1147 sancte,
1644 1090 1711 1138 ut
1741 1080 1993 1140 arbitra-

430 1174 580 1232 mini
597 1219 612 1241 ,
643 1173 966 1231 obtulistis?
996 1173 1129 1231 dum
1175 1174 1343 1252 impie
1366 1171 1766 1253 persequimini
1791 1194 1995 1235 manus

429 1278 652 1327 nostras
680 1268 835 1335 illie,
866 1268 966 1326 ubi
994 1266 1213 1347 Corpus
1241 1266 1462 1328 Christi
1502 1267 1824 1338 habitabat,
1854 1270 1993 1348 seri-

437 1363 510 1421 tis
538 1371 588 1419 et
617 1371 846 1421 vestras.
875 1360 999 1422 Hoc
1025 1363 1183 1421 modo
1209 1361 1454 1424 ludaeos
1477 1366 1604 1423 estis
1628 1362 1859 1423 imitati.
1893 1360 1999 1423 Illi

436 1454 747 1532 injecerunt
776 1475 978 1513 ananus
1024 1454 1071 1513 C
1074 1456 1251 1514 bristo
1289 1457 1353 1515 in
1382 1454 1596 1521 Cruce:
1627 1477 1665 1517 a
1691 1458 1840 1516 robis
1862 1474 1993 1536 per·-

435 1569 627 1610 eussus
653 1551 719 1607 in
742 1548 962 1609 Allan-i.
998 1548 1072 1607 Si
1102 1548 1417 1610 catholicos
1445 1552 1569 1610 illic
1610 1554 1876 1612 insectari
1900 1572 1995 1612 vo-

439 1644 657 1711 luistis,
687 1644 773 1702 tel
799 1644 993 1702 restris
1022 1644 1145 1702 illic
1181 1645 1435 1722 antiquis
1461 1645 1832 1707 oblationibus
1854 1664 1997 1735 par·

432 1739 645 1799 ceretis.

556 1838 613 1892 5.
647 1831 921 1893 Secundo
970 1780 1257 1905 dicimus,
1305 1831 1368 1892 in
1398 1834 1553 1912 Lege
1589 1833 1774 1895 veteri
1804 1835 1995 1895 Deum

433 1925 712 2006 jussisse,
741 1947 776 1987 e
818 1935 981 1989 terra
1006 1925 1137 1987 fieri
1170 1926 1414 2001 Altam,
1447 1928 1538 1988 vel
1581 1949 1615 1988 e
1655 1927 1870 2008 lapide.
1902 1930 1998 1990 Sic

440 2019 603 2081 enim
654 2021 763 2081 Ex«
787 2020 849 2081 di
897 2038 1025 2099 cap.
1075 2025 1175 2079 20.
1226 2021 1271 2079 Α
1285 2022 1427 2082 ltare
1474 2023 1538 2081 cle
1588 2034 1740 2083 terra
1784 2023 2000 2100 facietis

438 2117 584 2174 mibi
598 2161 614 2185 ,
656 2125 708 2175 et
735 2115 973 2196 offeretis
1016 2136 1184 2195 super
1208 2136 1268 2176 eo
1298 2117 1619 2178 holocausta
1637 2166 1652 2187 ‚
1682 2128 1735 2177 et
1762 2120 2003 2200 pacifica

437 2220 653 2280 vestra,
684 2230 805 2271 oves
832 2222 1073 2279 vestras,
1104 2222 1156 2271 et
1184 2213 1337 2270 bom
1362 2213 1426 2271 in
1450 2215 1606 2271 omni
1636 2213 1771 2282 loco,
1803 2215 1868 2272 in
1894 2233 2005 2292 quo

437 2308 709 2366 mensoria
734 2305 909 2383 suerit
937 2306 1182 2365 nominis
1210 2307 1338 2366 mei.
1382 2306 1611 2367 Veniam
1631 2308 1708 2368 ad
1737 2320 1807 2377 tc,
1834 2318 1885 2368 et
1915 2309 2003 2367 be-

440 2401 693 2460 nedicam
739 2401 860 2458 tibi.
917 2398 1084 2473 Quod
1128 2403 1180 2459 si
1228 2399 1430 2461 Altare
1482 2403 1765 2480 lapideum
1813 2404 2005 2481 seceris

438 2480 613 2563 minc,
643 2514 757 2555 non
784 2496 1102 2576 aesafimas
1129 2496 1280 2554 iuml
1321 2496 1386 2555 ae
1412 2498 1569 2555 secta
1615 2497 1894 2575 lapidibus
1906 2519 1928 2565 ‚·
1955 2499 2008 2557 ει

438 2591 589 2650 enim
638 2592 907 2650 levaveris
957 2590 1209 2648 cultrum
1258 2609 1426 2669 super
1480 2610 1606 2651 eum
1630 2638 1644 2661 ,
1689 2594 1999 2671 polluetur.

438 2686 639 2763 Atque
683 2683 837 2744 illud
882 2683 1074 2745 altare
1100 2702 1288 2745 aeneo
1324 2693 1666 2764 tegumento
1691 2686 2003 2766 operieba-

442 2786 575 2839 tur.
608 2777 692 2837 Et
717 2781 926 2858 operies
954 2780 1105 2838 illud
1130 2789 1288 2849 aere,
1320 2787 1388 2840 ut
1413 2787 1500 2840 est
1538 2780 1600 2841 in
1635 2781 1828 2843 Exodi
1870 2800 2000 2860 cap.

443 2879 543 2934 27.
605 2872 817 2952 ltaque
870 2872 934 2932 in
987 2873 1175 2934 veteri
1225 2875 1600 2936 Testamenta
1646 2876 1852 2941 Altare
1910 2875 2002 2936 vel

442 2977 606 3028 terra
631 2966 939 3046 oppletum
969 2975 1121 3038 erat,
1150 2965 1315 3048 quod
1341 2969 1709 3031 existimavit
1734 2969 2004 3031 Abulen-

440 3061 525 3123 sis
552 3061 616 3121 in
649 3080 778 3141 cap.
813 3066 910 3121 29.
936 3061 1128 3122 Exodi
1155 3071 1384 3142 quaest.
1416 3070 1477 3124 6.
1509 3064 1604 3125 vel
1633 3064 1888 3127 rudibus
1914 3065 2005 3128 la·

442 3156 723 3239 pidibus,
756 3156 919 3237 quod
948 3156 1183 3219 mavult
1209 3156 1431 3221 Ribera
1469 3158 1579 3222 lib.
1623 3165 1682 3219 2.
1727 3158 1802 3221 de
1827 3162 2004 3221 Tem-

442 3250 546 3331 plo
586 3270 716 3331 cap.
767 3256 866 3312 20.
914 3253 993 3313 Et
1033 3272 1177 3313 sane
1217 3253 1618 3316 Machabaeus
1658 3254 1720 3315 in
1763 3253 2001 3329 Altare,

441 3345 607 3423 quod
635 3344 968 3406 Antiochus
1008 3354 1340 3420 everterat,
1371 3367 1408 3409 a
1436 3367 1499 3409 se
1537 3347 1879 3416 restitutum
1914 3347 2004 3411 la-

448 3438 618 3518 pides
648 3439 881 3520 injecit,
905 3441 1082 3521 juxta
1110 3441 1169 3502 id
1198 3442 1363 3521 quod
1389 3441 1453 3503 in
1493 3442 1621 3522 lege
1649 3441 2005 3522 praescrihi-

448 3540 548 3593 tur
572 3578 590 3605 ,
632 3541 704 3595 ut
747 3533 954 3596 videre
998 3542 1089 3597 est
1131 3535 1197 3596 in
1243 3536 1351 3598 lib.
1402 3542 1456 3596 1.
1502 3537 2007 3601 Machabaeorum

444 3644 577 3706 cap.
605 3631 666 3688 t.
691 3627 950 3688 AEneum
978 3627 1407 3704 fuisse-Altam,
1436 3650 1542 3693 seu
1562 3631 1786 3693 Altaris
1811 3650 2003 3705 aram,

445 3736 561 3780 seu
593 3738 866 3782 mensam
908 3721 1278 3786 existimavit
1318 3725 1385 3785 P.
1428 3725 1618 3806 Lamy
1661 3725 1737 3787 de
1780 3725 2007 3787 Taber-

448 3811 803 3876 naculolih.
838 3821 895 3876 3.
926 3836 1057 3897 cap.
1108 3822 1166 3878 6.
1199 3826 1339 3880 sect.
1381 3823 1440 3879 2.
1488 3819 1642 3881 illud
1683 3838 1856 3892 vero,
1886 3836 2009 3899 quo

448 3926 523 3970 ea
550 3928 755 3970 mensa
794 3910 1316 3984 substentabatur,
1346 3911 1528 3973 fuisse
1571 3911 1906 3992 lapideum:
1939 3911 2011 3971 ln

448 4002 606 4062 tuom
646 4013 836 4062 autem
876 4003 1250 4076 loeoEaeodi,
1294 4006 1396 4065 ubi
1419 4003 1622 4065 Altare
1655 4007 2011 4086 praecipitur

447 4095 705 4160 dem-m
743 4097 1094 4175 faciendum,
1135 4118 1250 4159 non
1287 4098 1645 4182 intelligitur
1684 4099 1750 4159 (le
1791 4118 2012 4161 summa

443 4200 611 4271 parte
637 4237 653 4260 ‚
682 4211 826 4270 quae
853 4211 1026 4253 aenea
1048 4239 1066 4263 ,
1107 4194 1200 4253 sed
1244 4195 1309 4255 de
1347 4196 1711 4273 fundamento
1750 4195 2007 4265 Altaris,

448 4286 599 4364 quod
628 4296 696 4344 ut
730 4289 843 4346 cito
864 4298 1202 4366 pararetur,
1233 4308 1363 4348 cum
1386 4291 1758 4351 mutabantur
1786 4301 2007 4358 castra,

446 4382 802 4461 permittebat
828 4380 1012 4452 Deus,
1040 4393 1107 4442 ut
1134 4384 1287 4464 fieret
1314 4403 1389 4443 ιω
1428 4386 1680 4463 fortuitis
1720 4385 2012 4463 cespitibus

454 4478 835 4536 multum-io
862 4495 1039 4556 opere.
1072 4478 1292 4546 Primis
1318 4478 1615 4545 Ecclesiae
1646 4477 2014 4558 temporibus

454 4569 685 4631 Altaria
711 4569 960 4649 quidem
986 4580 1144 4632 certe
1171 4572 1370 4654 lignea
1395 4572 1586 4634 fuere:
1617 4572 2013 4653 quamohrem

453 4664 709 4744 Optatus
734 4664 1155 4739 Milevitanus,
1186 4685 1368 4747 quem
1408 4685 1590 4748 supra
1618 4664 2009 4746 protulimus,

455 4756 828 4830 Donatistas,
873 4759 980 4839 qui
1018 4759 1463 4822 Catholicorum
1489 4760 1721 4822 Altaria
1761 4760 2013 4820 subver-

456 4851 781 4922 terant‚-in
810 4852 974 4913 hunc
1004 4854 1249 4915 modum
1279 4855 1603 4937 objurgare
1628 4853 1853 4935 pergit:
1888 4852 2015 4914 Hoc

457 4948 639 5022 iyitur
668 4949 1014 5026 inexpiabile
1043 4950 1232 5028 nefas,
1261 4952 1314 5009 si
1340 4951 1405 5009 de
1433 4951 1633 5028 aliqua
1661 4951 1879 5009 ratione
1919 4947 2015 5007 de-

453 5042 663 5099 scendit
683 5088 699 5111 ,
730 5059 844 5100 uno
872 5044 1031 5102 niodo
1063 5045 1191 5124 fieri
1218 5045 1445 5113 debuit,-
1490 5045 1616 5113 sed,
1656 5054 1721 5103 ut
1751 5044 2011 5110 aestimo,

455 5136 575 5195 alio
604 5137 718 5194 loco
737 5137 898 5215 eopia
926 5138 1210 5215 liqnormn
1230 5139 1426 5217 franqi
1440 5139 1644 5217 jussit,
1674 5138 1793 5198 alio
1816 5146 1884 5196 ut
1903 5134 2014 5195 Al-

457 5231 903 5294 caria-raderent
943 5233 1226 5311 liqnorum
1254 5235 1449 5312 inopia
1473 5234 1771 5314 imperavit
1788 5278 1803 5301 ,
1833 5240 1899 5290 ut
1924 5249 2015 5290 re·

459 5333 808 5383 moverentur
825 5372 840 5393 ‚
882 5344 969 5386 ea:-
988 5336 1154 5405 parte
1192 5327 1525 5388 verecundia
1546 5328 1858 5408 persuasit,
1886 5325 2015 5388 nbi·

458 5436 565 5495 que
591 5427 778 5477 tamen
805 5420 962 5497 nefas
999 5429 1110 5490 est,
1141 5421 1278 5481 dum
1323 5432 1514 5482 tantae
1555 5422 1641 5481 rei
1678 5438 1878 5481 nunnus
1919 5436 2013 5478 sa-

459 5512 696 5588 erilcqas
749 5522 817 5572 et.
852 5516 1060 5593 impias
1112 5517 1408 5576 intulistis.
1464 5515 1622 5590 Quid
1666 5514 2016 5595 perditorum

2098 696 2428 757 conductam
2472 697 2713 776 reseram
2756 698 3236 767 multitudinem,
3260 707 3312 757 st
3352 697 3545 756 tinum
3587 697 3649 753 in

2099 792 2399 851 mercedem
2437 794 2654 852 sceleris
2694 793 2933 854 datum?
2959 796 3112 876 quod
3144 803 3207 852 ut
3239 792 3526 851 immundo
3559 809 3652 849 ore

2099 882 2386 964 sacrileqis
2415 886 2705 947 haustibus
2731 887 3028 959 biberetur,
3056 889 3247 962 calida
3274 888 3340 946 de
3366 885 3651 964 [raym-

2105 980 2175 1039 tis
2221 979 2520 1042 Altarium
2560 982 2714 1061 facta
2762 993 2859 1042 est.
2913 982 3033 1044 Nec
3078 981 3162 1043 ita
3210 982 3385 1063 longe
3428 1001 3464 1043 a
3508 999 3653 1042 vero

2102 1073 2302 1147 abest,
2344 1075 2589 1136 Sanctus
2629 1074 2940 1156 Apoetoloe
2984 1076 3047 1138 in
3089 1076 3304 1157 ligneis
3343 1076 3652 1138 Altaribus

2103 1169 2347 1230 Missam
2391 1170 2718 1231 celebrasse
2761 1171 2838 1232 ad
2865 1172 3004 1231 Jesu
3031 1170 3249 1233 Christi
3277 1170 3651 1251 exemplum,

2102 1263 2207 1344 qui
2239 1263 2416 1346 legali
2446 1264 2643 1328 Coena
2672 1273 2940 1347 peracta,
2985 1267 3062 1328 ad
3088 1285 3354 1328 mensam
3391 1265 3653 1347 ligneam

2101 1358 2365 1420 assidens
2390 1360 2772 1442 semetipsum
2799 1361 2861 1422 in
2891 1360 3260 1423 Sacrificium
3289 1362 3510 1423 obtulit
3530 1364 3653 1423 Deo

2105 1448 2289 1514 Patri.
2323 1452 2390 1513 B.
2426 1453 2701 1527 Petrum,
2734 1472 2946 1535 quem,
2974 1464 3046 1516 ut
3063 1457 3190 1537 jam
3219 1455 3505 1527 diximus,
3535 1456 3655 1516 Pu-

2106 1547 2253 1609 dens
2299 1548 2550 1609 Senator
2596 1548 2757 1611 domi
2804 1569 2948 1611 suae
2991 1549 3263 1631 excepit,
3313 1550 3659 1612 Traditione

2104 1652 2477 1722 compertum
2525 1651 2613 1705 est
2667 1644 2731 1704 in
2779 1643 2971 1706 Altari
3021 1643 3221 1726 ligneo
3264 1645 3653 1719 sacrificasse,

2104 1738 2265 1818 quod
2309 1737 2491 1799 etiam
2527 1757 2690 1800 nunc
2724 1748 3063 1801 asservatur
3090 1744 3312 1803 Romae
3343 1741 3405 1800 in
3432 1740 3656 1821 templo

2106 1832 2166 1892 S.
2200 1833 2638 1906 pudentianae,
2686 1833 2734 1893 si
2776 1833 2925 1895 fides
2963 1833 3239 1897 habenda
3279 1834 3358 1897 sit
3395 1836 3655 1919 Aringo,

2105 1927 2211 2007 qui
2257 1927 2319 1988 in
2348 1930 2530 1991 Roma
2565 1931 2928 1991 subterranea
2967 1938 3109 1992 tom.
3155 1935 3215 1991 2.
3265 1930 3371 1993 lib.
3416 1934 3474 1991 4.
3526 1951 3658 2012 cap.

2109 2027 2207 2084 43.
2241 2023 2469 2094 Exeat,
2501 2024 2734 2105 inquit,
2762 2027 2829 2084 in
2855 2026 3042 2086 eadem
3069 2026 3326 2087 Ecclesia
3367 2027 3443 2087 ad
3468 2027 3661 2087 datte-

2108 2119 2238 2179 ram
2260 2119 2611 2179 intrantibus
2637 2118 2841 2179 Altare
2867 2121 3111 2198 liqneum
3135 2120 3213 2181 ad
3237 2121 3463 2180 modum
3483 2120 3666 2202 Areae

2110 2223 2487 2293 compactum,
2518 2214 2584 2272 in
2611 2232 2722 2292 quo
2745 2212 2821 2272 B.
2855 2213 3061 2274 Petrus
3089 2215 3225 2273 dum
3252 2215 3408 2295 apud
3434 2213 3663 2275 Puden-

2114 2301 2221 2365 tem
2266 2308 2504 2388 hospitio
2529 2316 2776 2386 receptus
2804 2318 3122 2367 moraretur
3138 2355 3153 2377 ,
3180 2317 3246 2367 ut
3270 2310 3375 2388 pia
3404 2310 3513 2387 fert
3543 2320 3665 2370 tra-

2113 2400 2256 2460 ditio
2272 2448 2288 2471 ‚
2333 2402 2648 2462 immortali
2677 2400 2795 2461 Deo
2835 2401 3197 2484 Sacrificium
3236 2403 3513 2484 offerebat.
3562 2403 3666 2463 Li-

2113 2514 2257 2572 9nea
2285 2503 2474 2555 autem
2499 2494 2725 2555 Altaris
2759 2493 2979 2556 Tabula
2997 2516 3139 2576 prae
3176 2494 3445 2557 vetustate
3485 2499 3669 2558 nimia

2113 2600 2441 2670 consumpta
2477 2591 2758 2659 cernitur,
2780 2600 2833 2650 et
2850 2591 2951 2649 sub
2989 2588 3189 2651 Altari
3233 2591 3449 2670 lapideo
3487 2593 3669 2651 locata

2113 2694 2216 2755 est,
2243 2685 2311 2743 in
2332 2703 2443 2762 quo
2466 2682 2672 2745 Sancti
2695 2683 2861 2745 Petri
2887 2694 3079 2745 statua
3103 2687 3375 2745 cernitur.
3409 2683 3535 2745 Hoc
3558 2706 3667 2746 au-

2116 2788 2225 2838 rem
2252 2780 2421 2838 titulo
2448 2789 2707 2839 notatum
2747 2789 2860 2838 est.-
2889 2777 2963 2838 In
2999 2780 3098 2839 hoc
3123 2778 3323 2840 Altam·
3362 2776 3431 2839 S.
3463 2779 3671 2840 Pam

2108 2893 2219 2952 pro
2271 2875 2413 2933 viris
2466 2882 2520 2932 et
2574 2873 2848 2950 defunctis
2897 2874 2975 2934 ad
3024 2874 3340 2951 auqendam
3386 2872 3670 2933 Fidelium

2113 2967 2567 3036 multitudinem,
2603 2964 2820 3046 Corpus
2865 2977 2916 3025 ct
2946 2964 3298 3043 Sanquinem
3321 2965 3556 3026 Domini
3581 2965 3669 3044 os·-

2112 3062 2342 3140 serebat.
2379 3059 2554 3135 Quod
2583 3068 2784 3121 autem
2810 3059 2873 3120 in
2901 3059 3242 3122 carceribus
3267 3061 3478 3122 Missas
3513 3059 3667 3122 eele-

2115 3155 2332 3217 bratas
2343 3175 2468 3216 esse
2494 3153 2794 3227 novimus,
2825 3174 2963 3215 cum
2988 3154 3501 3236 persecutionibus
3517 3153 3667 3215 Eth-

2113 3250 2233 3313 nici
2274 3249 2338 3312 in
2382 3249 2754 3312 Christianos
2792 3249 3120 3324 saevirent,
3151 3249 3215 3310 id
3254 3249 3429 3311 nobis
3466 3248 3667 3356 palam

2115 3344 2290 3418 facit,
2318 3344 2550 3407 Altaria
2578 3352 2722 3406 tunc
2748 3343 3032 3424 temporis
3056 3345 3256 3427 lignea
3283 3343 3487 3405 finisse.

2234 3445 2292 3500 6.
2330 3438 2550 3501 Primis
2592 3458 2737 3501 vero
2772 3438 3053 3513 saeculis,
3096 3447 3156 3501 et
3193 3438 3664 3521 persecutionem

2114 3533 2485 3614 temporibus
2510 3540 2717 3594 utrum
2737 3541 2974 3613 praeter
2998 3532 3198 3614 lignea
3218 3531 3541 3594 Christiani
3561 3531 3727 3598 ha-

2115 3627 2330 3688 herent
2367 3626 2551 3688 etiam
2578 3625 2808 3688 Altaria
2850 3623 3115 3707 lapidea,
3157 3633 3218 3687 et
3253 3643 3403 3686 num
3442 3625 3673 3706 primus

2116 3722 2182 3781 B.
2215 3720 2498 3782 Silvester
2539 3719 2776 3782 saeculo
2817 3730 3035 3800 quarto
3067 3718 3343 3802 jusserit,
3374 3738 3495 3780 non
3537 3737 3667 3779 am-

2114 3813 2278 3894 plius
2305 3814 2371 3875 in
2402 3813 2645 3895 ligneis,
2674 3813 2776 3875 sed
2820 3814 2883 3874 in
2912 3812 3164 3894 lapideis
3189 3813 3500 3876 Altaribus
3525 3813 3671 3874 Mis-

2115 3927 2246 3970 sam
2272 3908 2595 3982 eelebrari,
2626 3916 2930 3989 quaerunt
2953 3907 3070 3969 viri
3097 3908 3285 3981 docti;
3315 3907 3539 3989 quihus
3562 3908 3672 3968 Ju-

2119 4000 2376 4064 veninus
2400 4002 2475 4064 de
2514 4001 2912 4064 Sacramentis
2953 4001 3198 4063 Dissert.
3231 4007 3290 4062 5.
3321 4001 3396 4063 de
3436 3999 3672 4062 Eucha-

2117 4096 2248 4158 rist.
2280 4116 2343 4178 q.
2376 4102 2434 4158 8.
2465 4116 2595 4177 cap.
2630 4102 2687 4157 3.
2718 4096 2866 4159 haec
2906 4095 3137 4157 scribit.
3166 4096 3450 4156 Incertum
3490 4106 3569 4155 est
3593 4114 3673 4155 an

2117 4192 2355 4253 Altaria
2375 4193 2663 4272 prioribus
2688 4193 2924 4252 saeculis
2965 4192 3148 4270 liqnea
3173 4190 3417 4268 suerint,
3450 4200 3553 4250 aut
3582 4190 3670 4248 la-

2111 4289 2303 4369 pidea.
2344 4286 2652 4347 Verisimile
2681 4296 2804 4356 est,-
2791 4295 3093 4364 ·,utraque
3122 4287 3258 4344 dum
3282 4286 3515 4346 saeviret
3539 4302 3670 4363 per·

2118 4383 2368 4450 secutio,
2415 4381 2916 4440 indiscriminatim
2957 4379 3216 4439 adbibita
3252 4378 3464 4464 fuisse,
3504 4385 3672 4456 prom

2117 4494 2317 4554 nempe
2336 4493 2528 4534 rerum
2554 4474 2902 4551 locommque
2929 4471 3318 4552 opportunitas
3339 4472 3545 4550 ferebat
3568 4478 3667 4528 ete.

2118 4568 2334 4630 Multis
2378 4569 2450 4628 ab
2499 4569 2628 4628 hinc
2676 4567 2912 4627 saeculis
2949 4565 3207 4626 Ecclesia
3246 4566 3567 4645 praecepit,
3608 4574 3674 4622 ut

2120 4662 2358 4723 Altaria
2395 4662 2576 4722 solum
2617 4662 2839 4740 lapidea
2878 4662 3013 4720 sint.
3049 4659 3335 4720 Nonnulli
3362 4658 3674 4738 Scriptores

2118 4758 2272 4816 illud
2289 4755 2603 4820 ,Decretum
2641 4754 2914 4815 Silvestre
2950 4754 3146 4835 Papae
3180 4754 3542 4815 adscribunt:
3583 4753 3676 4812 sed

2121 4862 2396 4938 assertum
2421 4851 2741 4927 hujusmodi
2769 4851 2932 4908 nullo
2961 4859 3205 4909 veterum
3232 4849 3542 4907 testimonio
3578 4849 3673 4906 ni·-

2125 4948 2288 5005 titur.
2321 4943 2656 5005 videantur
2686 4943 2866 5004 etiam
2896 4943 3071 5004 Card.
3105 4943 3271 5003 Bona
3298 4942 3436 5002 Rer.
3471 4940 3673 5001 Litur-

2121 5039 2307 5122 gicar.
2341 5038 2448 5099 lib.
2486 5043 2540 5098 1.
2571 5056 2700 5117 cap.
2733 5042 2830 5099 20.
2863 5038 3134 5098 Martene
3168 5036 3244 5096 de
3268 5034 3536 5114 antiquis
3560 5035 3671 5094 Ec-

2121 5124 2338 5194 clesiae
2363 5130 2603 5193 Ritihus
2628 5140 2782 5192 tom.
2808 5135 2862 5190 1.
2896 5130 3003 5191 lib.
3040 5135 3109 5190 1.
3115 5148 3257 5210 cap.
3292 5135 3349 5190 3.
3380 5137 3497 5189 art.
3531 5133 3591 5187 6.

2242 5231 2301 5287 7.
2334 5225 2598 5305 Lapides
2623 5224 2805 5286 fuisse
2831 5223 3064 5288 Altaria
3089 5230 3373 5305 vergente
3398 5222 3466 5282 in
3490 5220 3675 5290 finem

2123 5319 2361 5383 saemtlo
2411 5319 2514 5379 1V.
2567 5318 3128 5399 exploratissimum
3159 5326 3249 5392 est
3292 5318 3355 5379 S.
3400 5315 3677 5398 Gregorii

2122 5413 2354 5477 Nisseni
2381 5413 2670 5476 Oratione
2709 5415 2786 5475 de
2810 5414 3037 5475 Sancto
3051 5412 3273 5474 Christi
3312 5412 3676 5492 Baptismate

2122 5529 2258 5591 pag.
2291 5513 2427 5571 801.
2461 5508 2663 5569 Altare
2693 5510 2790 5568 boc
2816 5517 3102 5576 sanctum,
3132 5506 3365 5587 inquit,
3396 5509 3492 5566 cui
3532 5509 3675 5567 assi-

3710 3440 3775 3486 Λιι
3793 3442 3879 3485 Chr
3881 3442 3995 3485 istin-

3813 3500 4001 3542 imi-m·

3705 3502 3811 3601 '‘inl'‘
3867 3557 3993 3599 habe·

3712 3624 3804 3657 rent
3788 3612 3933 3656 tuna!
3934 3615 3994 3655 ι·’.·ι

3711 3678 3834 3716 etum
3891 3670 3999 3728 lap·—

3706 3730 3815 3784 ἀοι,
3863 3727 3999 3772 tnur-

3718 5243 4007 5346 ⁵332&ss

3715 5361 4008 5403 1V-Auma

3712 5424 4009 5461 utem
