4487 6316
1011 512 1120 567 272

839 654 995 717 Festi
1024 656 1454 718 nonnullorum
1481 656 1836 719 Sanctorum
1865 656 2187 717 memorias
2208 656 2372 717 dica-

835 749 882 810 ti
905 794 924 823 ,
953 758 1023 811 ιιι
1048 751 1342 813 Nativims
1368 742 1431 810 ’8.
1466 752 1716 813 Joannis
1745 751 2041 831 Baptistae
2065 796 2081 823 ,
2111 758 2170 811 et
2198 752 2373 811 Nata-

834 841 1034 904 litium
1069 845 1171 905 SS.
1223 845 1643 925 Apostolorum
1690 845 1847 907 Petri
1875 891 1891 918 ,
1934 853 1995 907 et
2036 845 2206 906 Pauli
2237 890 2255 918 ,
2300 844 2374 905 de

831 938 1189 1018 quibusNos
1211 939 1323 1019 ipsi
1349 947 1735 1001 monumenta
1754 939 2116 1020 protulimus
2138 940 2199 1000 in
2222 939 2375 1018 Ope-

830 1050 898 1092 re
923 1032 988 1091 dc
1014 1032 1189 1093 Festis
1214 1033 1289 1092 D.
1310 1032 1392 1094 N.
1419 1032 1557 1093 Jcsu
1582 1032 1802 1093 Christi
1822 1046 1973 1113 part.
1996 1038 2048 1092 1.
2065 1052 2197 1112 pay.
2226 1035 2365 1091 247.

951 1127 1026 1188 Ut
1045 1135 1246 1189 autem
1268 1127 1611 1213 hujusmodi
1629 1124 1995 1189 consuetu'do
2012 1125 2371 1208 generaliter

741 1181 1174 1291 “a'tolleretur,
1204 1228 1264 1282 et
1290 1220 1541 1282 facultas
1562 1220 1903 1282 celebrandi
1928 1220 2131 1299 plures
2159 1220 2368 1281 Missas

740 1308 952 1383 ...uno
977 1314 1117 1387 die,
1148 1312 1225 1377 ad
1251 1314 1448 1375 solum
1482 1300 1642 1376 diem
1666 1314 1898 1377 Natalis
1925 1314 2165 1415 Domini
2196 1334 2365 1375 coar-

820 1415 1127 1482 ctaretur,
1159 1428 1281 1471 non
1304 1408 1425 1472 alia
1454 1410 1533 1470 de
1555 1427 1734 1471 causa
1763 1408 1989 1471 factum
2017 1417 2142 1481 est,
2179 1428 2364 1489 quam

825 1508 895 1561 ut
918 1502 1243 1572 avaritiae,
1269 1510 1327 1563 et
1345 1501 1603 1564 sordidis
1625 1503 1974 1582 quaestibus
1999 1501 2366 1563 adimeretur

820 1596 1052 1657 occasio
1075 1642 1092 1670 ,
1136 1596 1232 1658 vel
1278 1597 1491 1658 saltem
1533 1592 2019 1658 oblocutionibus
2058 1596 2367 1657 silentium

823 1686 1233 1769 imponeretur
1258 1711 1273 1750 z
1299 1708 1455 1770 quae
1477 1689 1701 1752 scilicet
1725 1710 1802 1751 ex
1828 1689 2218 1772 eleemosynis
2254 1709 2365 1770 pro

818 1782 1140 1845 missarum
1168 1803 1422 1865 numero
1450 1784 1861 1867 multiplicatis
1881 1780 1992 1846 'aut
2019 1796 2221 1861 ortum
2250 1783 2360 1845 ha-

822 1877 1103 1952 buerant,
1119 1887 1228 1940 aut
1256 1878 1404 1940 oriri
1431 1898 1598 1959 posse
1618 1878 1999 1943 videbantur.
2028 1879 2205 1939 Hunc
2236 1897 2364 1940 esse

820 1972 1135 2051 proprium
1161 1992 1402 2034 sensum
1430 1973 1688 2036 Canonis
1721 1972 1944 2054 Sufficit
1988 1974 2052 2034 de
2096 1971 2353 2033 Consecr.

806 2066 949 2132 ’distp
984 2070 1040 2125 ’1.
1065 2067 1195 2148 jam
1224 2066 1697 2131 demonstratum
1724 2076 1831 2147 per
1858 2084 1968 2128 nos
1991 2074 2079 2128 est
2107 2066 2172 2126 in
2204 2066 2360 2127 litte-

818 2158 906 2220 ris
931 2159 1008 2220 ad
1035 2160 1189 2221 Ven.
1222 2161 1496 2222 Fratrem
1522 2159 1882 2241 Episcopum
1908 2160 2224 2222 Oscensem
2250 2161 2358 2221 da-

821 2252 899 2313 tis
923 2252 993 2335 §c
1018 2253 1315 2335 Excepta,
1345 2266 1396 2316 ot
1420 2275 1570 2334 seqq.
1605 2254 1746 2316 Ideo
1770 2264 1970 2316 autem
1998 2254 2218 2333 scripta
2248 2272 2358 2314 no-

816 2342 1033 2411 autin
1060 2346 1177 2409 boc
1192 2349 1447 2418 Decreto
1463 2347 1810 2427 frequenter
1831 2347 1894 2407 in
1922 2347 2187 2408 medium
2215 2365 2356 2426 pro-

816 2438 1098 2514 tulimus,
1129 2460 1206 2502 ne
1231 2460 1389 2520 quae
1406 2442 1535 2523 jam
1559 2441 1706 2503 alibi
1735 2461 1774 2504 a
1797 2441 1984 2503 Nobis
2010 2440 2165 2502 dicta
2189 2448 2352 2516 sunt,

817 2532 918 2595 hic
941 2533 1142 2613 denuo
1166 2535 1470 2616 explicare
1493 2580 1510 2608 ,
1539 2543 1600 2596 et
1630 2555 1788 2615 quae
1814 2535 1967 2597 alibi
1985 2536 2359 2597 demonstra-

816 2627 1017 2688 vimus
1042 2674 1059 2702 ,
1089 2629 1310 2691 iterum
1339 2630 1676 2692 rationibus
1700 2631 2090 2710 comprobare
2109 2643 2355 2712 ‘cogere-

818 2723 1081 2784 mur.·'1d
1113 2742 1260 2785 vero
1287 2769 1304 2796 ,
1343 2724 1503 2803 quod
1540 2743 1722 2805 supra
1749 2724 2058 2804 posuimus
2081 2769 2098 2798 ,
2128 2744 2165 2785 a
2197 2724 2351 2786 duo-

814 2816 928 2876 bus
954 2824 1263 2896 praeterea
1291 2816 1695 2897 Scriptoribus
1723 2818 1787 2878 in
1816 2808 2237 2879 Ecclesiasticis
2264 2838 2354 2879 re-

813 2909 929 2970 bus
954 2910 1226 2990 apprime
1247 2911 1497 2972 versatis
1514 2912 1819 2973 asseritur.
1847 2913 2073 2973 Eorum
2091 2902 2242 2973 alter
2265 2920 2353 2974 est

809 3002 1238 3066 Thomassinus
1264 3005 1327 3066 in
1359 3006 1556 3086 Opere
1580 3006 1645 3065 do
1675 3009 1846 3066 ceteri
1886 3017 1938 3066 et
1966 2992 2110 3067 ἰιουα
2150 3006 2350 3067 Eccle-

807 3101 926 3161 siae
950 3100 1254 3181 disciplina
1283 3120 1411 3180 par.
1449 3101 1639 3168 atib.
1675 3105 1729 3162 1.
1762 3120 1887 3184 cap.
1922 3104 2020 3161 74.
2051 3120 2111 3161 ιι.
2145 3105 2203 3161 6.
2239 3100 2355 3162 ubi-

805 3204 939 3274 post
962 3194 1208 3257 allatam
1249 3195 1746 3274 Constitutionem
1795 3194 2023 3258 Odonis
2066 3195 2342 3276 Episcopi

805 3288 1188 3362 Parisiensis,
1215 3289 1521 3352 videlicet:
1549 3290 1766 3352 Nullas
1791 3292 1871 3350 bis
1901 3293 1964 3350 in
1989 3291 2078 3349 die
2099 3289 2346 3350 Missam

802 3385 1011 3446 audeat
1037 3387 1309 3445 celebrare
1336 3433 1352 3455 ,
1384 3396 1487 3447 αιιι
1514 3405 1641 3445 cum
1667 3386 1884 3465 duplici
1908 3383 2159 3443 Introitu
2183 3432 2199 3454 ‚
2230 3385 2346 3443 nisi

801 3481 868 3556 ιἰι
895 3499 1101 3558 »nuqua
1125 3481 1440 3541 necessitate
1455 3527 1471 3550 ,
1494 3479 1653 3553 haec,
1667 3478 1904 3539 subdit:
1938 3477 2086 3538 Cum
2104 3480 2344 3558 pecunia

801 3577 1041 3640 tunc'ut
1072 3574 1389 3653 plurimum
1426 3574 1502 3634 ad
1543 3572 1790 3633 Missam
1829 3571 2123 3652 offerretur
2145 3618 2164 3642 ‚
2208 3572 2340 3631 hinc

801 3668 1301 3746 avaritiaespccies
1328 3713 1344 3736 ,
1374 3668 1459 3726 vel
1482 3667 1722 3746 suspicio
1749 3659 2024 3743 quaedam
2052 3665 2344 3724 iterationi

798 3758 1121 3821 Missurum
1144 3757 1537 3840 affricabatur.
1587 3758 1753 3820 Alter
1786 3765 1875 3818 est
1905 3757 2248 3819 vicecomes
2274 3757 2339 3817 in

798 3854 1086 3914 Tractatu
1105 3852 1170 3911 dc
1195 3855 1448 3931 antiquis
1478 3853 1691 3932 Missae
1718 3852 1944 3912 Ritibus
1973 3853 2071 3912 lib.
2118 3857 2176 3923 3.
2206 3872 2333 3931 cap.

797 3950 897 4006 28.
931 3947 1082 4022 circa
1112 3946 1214 4027 fin.
1249 3945 1355 4006 ubi
1380 3947 1698 4025 postquam
1719 3943 2341 4025 antiquamexposuit

797 4039 1200 4121 disciplinam,
1226 4059 1349 4120 qua
1369 4040 1822 4120 permittebatur
1844 4039 2111 4102 Sacedoti
2136 4039 2339 4119 plures

797 4134 1009 4196 Missas
1037 4134 1102 4194 in
1145 4134 1243 4195 die
1274 4133 1579 4195 celebrare
1604 4178 1621 4207 ‚
1668 4133 1747 4194 de
1771 4133 1963 4212 ipsius
1985 4132 2338 4212 disciplinae

796 4228 1131 4291 mutatione
1178 4228 1396 4290 deinde
1424 4228 1509 4289 sic
1548 4228 1632 4289 ait
1662 4248 1677 4287 z
1723 4221 2120 4306 Αόνοςιιιίοιιίε
2149 4241 2340 4288 autom

791 4342 1021 4385 cumam
1056 4333 1336 4402 quantum
1365 4322 1900 4401 equidem-divinare
1934 4340 2160 4401 possum
2186 4367 2203 4391 ,
2240 4321 2335 4380 dc-

795 4419 922 4479 dero
951 4418 1357 4478 nundinatores
1385 4417 1619 4496 quidam
1643 4462 1659 4486 ,
1703 4417 1804 4494 qui
1841 4415 2075 4492 majoris
2105 4416 2337 4494 pietati}

794 4513 1094 4572 mata-iam
1120 4511 1196 4572 ad
1230 4520 1390 4590 turpe
1433 4512 1656 4570 lucrum
1695 4509 2013 4586 detorquere
2047 4528 2163 4568 non
2200 4518 2334 4568 sunt

794 4605 993 4673 veriti,
1018 4615 1068 4663 st
1099 4605 1377 4682 secarunt,
1405 4613 1470 4663 ιιι
1503 4605 1729 4664 libertas
1753 4603 1946 4683 prisca
1968 4604 2167 4663 saltem
2190 4603 2338 4663 hisco

794 4697 1132 4776 Reqionibus
1161 4708 1350 4778 crepta
1377 4699 1451 4758 sit
1477 4745 1493 4769 ‚
1527 4717 1595 4759 ac
1624 4698 1869 4780 dosia-it.

902 4790 977 4852 ’Βί
1004 4790 1190 4873 igitur
1220 4791 2009 4873 multiplicitas‘Missarum,
2040 4809 2203 4876 quae·
2223 4790 2332 4854 Sa-

792 4883 1136 4948 cerdotibus
1176 4883 1333 4947 olim.
1364 4884 1644 4966 pluribus
1692 4905 1801 4967 per
1843 4897 2076 4947 annum
2118 4885 2332 4962 diebus

791 4976 1252 5060 permittebatur
1276 5025 1293 5049 ,
1325 4977 1460 5040 ideo
1490 4979 1728 5043 sublata
1753 4979 1871 5042 fuit
1893 5024 1911 5052 ‚
1945 4986 2015 5048 ut
2039 4978 2330 5041 avaritiae

791 5065 1142 5155 quaestibus
1159 5080 1268 5135 aut
1288 5071 1742 5163 obloquentium
1766 5071 2206 5153 suspicionibus
2225 5073 2330 5134 ob-

788 5167 954 5231 viam
968 5166 1204 5238 iretur,
1226 5167 1367 5266 jure
1392 5184 1463 5230 ac
1493 5168 1705 5230 merito
1728 5168 1853 5232 Nos
1881 5166 2193 5236 Indultum
2211 5165 2328 5228 hoc

788 5270 1085 5335 nostrum,
1109 5280 1244 5344 quo
1261 5261 1723 5324 Sacerdotibus
1707 5281 1773 5322 m
1801 5260 2097 5341 praefatis·
2106 5259 2326 5342 Regnis

1803 513 1890 565 DE
1929 511 2413 568 SACROSANCTO
2450 510 2667 567 MISSAE
2705 510 3084 566 sanatricto

2483 654 2826 718 functorum
2864 655 3170 719 celebrare
3202 651 3583 734 permisimus
3610 697 3627 724 ,
3673 650 4021 735 hujusmodi

2481 769 2759 830 expressa
2781 749 2911 831 lege
2937 758 3119 829 atque
3141 748 3734 813 districtusanctioue
3757 767 4023 811 otmunti-

2482 844 2615 905 nire
2643 844 2982 923 debuimuS,
3011 851 3077 904 ut
3104 863 3180 905 ne
3207 842 3576 922 quis'eorum
3599 862 3708 923 pro
3731 843 3927 913 Missis
3948 843 4023 903 de

2479 924 2635 999 novo
2657 938 2945 1027 concessis
2970 938 3163 1003 ullum
3192 936 3469 1017 stipendii
3498 956 3709 1016 genus,
3738 937 4022 1017 quacum-

2479 1051 2598 1112 que
2629 1033 2704 1095 de
2735 1052 2954 1127 causa,
2986 1041 3046 1094 et
3074 1032 3346 1112 quolibet
3382 1039 3743 1112 praetextu,
3778 1038 3886 1092 aut
3915 1050 4016 1091 co·

2481 1125 2606 1187 lore
2641 1118 2904 1207 recipere
2935 1129 3150 1206 posset.
3496 1150 3500 1158 ·
3942 1153 3946 1158 “

2492 1262 2500 1272 ·
2595 1219 2706 1281 His
2747 1215 3011 1294 accedit,
3052 1221 3215 1302 quod
3252 1239 3440 1301 quum
3482 1218 3796 1299 petitiones
3823 1174 4020 1298 inspe-
4062 1254 4112 1297 A·
4102 1264 4203 1311 ,ῳ
4225 1263 4367 1302 m·-

2473 1312 2783 1387 xerimus,
2820 1315 2897 1376 ab
2935 1313 3246 1394 aliquibus
3276 1312 3678 1393 peculiaribus
3707 1312 3852 1392 Epi·
3859 1313 4019 1392 mpis
4059 1322 4201 1416 Ἓξ·
4145 1317 4368 1359 ”md-⁸·

2474 1408 2846 1486 Apostolicae
2879 1409 3015 1481 Sedi
3047 1408 3194 1469 olim
3223 1406 3457 1468 oblatas
3490 1425 3601 1485 pro
3630 1397 4009 1467 concessione
4052 1425 4150 1486 tuq,
4148 1385 4366 1475 ⁰2⁸2„

2470 1500 2886 1585 celebrationis
2915 1502 3217 1573 duarum,
3248 1509 3374 1569 aut
3383 1500 3566 1562 trium
3597 1498 3965 1561 Missarum
3948 1519 4012 1559 ιιι
4057 1489 4365 1602 :anm-'¹⁸

2474 1594 2572 1656 die
2605 1577 3222 1657 Commemorationis
3230 1595 3509 1693 omnium
3550 1593 3850 1656 Fidelium
3896 1596 4014 1655 De-

2471 1687 2856 1761 functorum,
2894 1689 3197 1769 simulque
3221 1656 3523 1752 contraria
3550 1688 4014 1769 expenderimus

2470 1783 2776 1863 Rescripta
2801 1792 2942 1845 tunc
2968 1783 3293 1864 respective
3313 1791 3622 1856 emanata,
3653 1783 4014 1865 agnovimus

2467 1877 2808 1957 praedictas
2838 1878 3153 1958 petitiones
3192 1878 3336 1939 huic
3371 1878 3744 1958 potissimum
3786 1878 4007 1940 rationi

2468 1971 2708 2033 innixas
2740 1972 2923 2045 fuisse
2951 2017 2968 2046 ‚
3005 1968 3170 2052 quod
3208 1972 3432 2034 scilicet
3464 1981 3626 2043 tanta
3660 1980 3812 2034 esset
3855 1973 4011 2035 elee-

2469 2086 2855 2147 mosynarum
2880 2066 3051 2147 copia
3077 2112 3094 2141 ‚
3125 2087 3282 2147 quae
3309 2087 3380 2128 ea
3413 2066 3512 2127 die
3543 2086 3653 2146 pro
3683 2066 4005 2131 Missarum

2464 2161 2864 2224 celebratione
2903 2181 2940 2224 a
2981 2162 3098 2242 piis
3138 2160 3840 2245 Fidelibus¹offerebatur
3866 2206 3884 2235 ‚
3932 2172 4004 2225 ut

2463 2255 2639 2317 aliter
2660 2255 2781 2317 illis
2801 2255 3078 2318 satisfieri
3103 2260 3224 2317 non
3249 2275 3416 2336 posse
3437 2264 3788 2342 assererent,
3805 2274 4002 2341 quiam

2463 2348 2514 2410 si
2556 2349 2806 2413 facultas
2835 2350 3249 2431 indulgeretur
3280 2349 3696 2411 Sacerdotibus
3715 2353 3834 2422 ,ἰιι
3865 2349 4004 2430 plu·-

2401 2500 2404 2503 ,
2463 2444 2787 2506 resMissas
2813 2464 2883 2506 ea
2908 2445 3035 2525 ipsa
3063 2443 3160 2505 die
3187 2444 3489 2506 celebrare
3509 2446 3768 2523 possent:
3796 2454 4009 2507 contra

2462 2537 2689 2599 veroin
2712 2537 3048 2619 rejiciendis
3072 2537 3281 2599 iisdem
3306 2537 3713 2617 petitionibus,
3731 2537 3793 2597 id
3811 2539 4006 2604 maxi·

2463 2651 2558 2692 me
2578 2641 2905 2712 spectatum
2931 2622 3112 2692 fuisse
3143 2631 3530 2713 agnovimus,
3558 2650 3634 2691 ne
3656 2650 3762 2710 per
3789 2631 4003 2713 hujus·-

2463 2725 2621 2787 modi
2656 2726 3059 2787 concessiones
3094 2724 3259 2787 Ordo
3285 2724 3678 2786 Sacerdotalis
3704 2725 3863 2805 apud
3892 2725 3999 2787 de·-

2463 2826 2744 2882 tractores
2762 2820 2826 2880 in
2844 2820 3150 2882 aviditatis
3162 2819 3579 2899 suspicionem,
3604 2827 3662 2880 et
3684 2818 4002 2882 infamiam

2455 2912 2873 2987 adduceretur.
2901 2915 3036 2989 Qua
3057 2902 3246 2977 etiam
3257 2915 3331 2976 de
3346 2933 3522 2976 causa
3541 2915 3661 2975 Nos
3679 2914 3836 2976 hauc
3850 2915 4001 2980 Con·

2457 3007 2779 3069 cessionem
2800 2997 3064 3070 nostram
3079 3053 3097 3081 ,
3127 3007 3428 3095 praedicta
3456 3007 3585 3088 lege
3606 3008 3835 3088 adjecta
3849 3053 3871 3082 ,
3894 3012 3997 3070 'su-

2456 3101 2823 3191 spicionibus
2855 3101 3201 3185 hujusmodi
3236 3101 3475 3163 nullum
3510 3100 3709 3164 locum
3744 3102 3995 3183 pracbe-

2456 3215 2524 3257 re
2550 3215 2719 3275 posse
2748 3197 3069 3258 voluimus.
3097 3223 3100 3228 >
3849 3245 3855 3254 .

2553 3289 2732 3352 Haec
2756 3298 2931 3363 sunt,
2961 3310 3118 3371 quae
3144 3289 3518 3352 concedenda
3546 3309 3671 3350 csse
3687 3289 3990 3372 judicavi-
4034 3333 4095 3375 ι,
4097 3332 4330 3379 ώωω

2455 3401 2625 3457 mus,
2661 3404 2937 3465 quaeque
2982 3385 3057 3446 de
3110 3384 3572 3464 praemissorum
3621 3384 3902 3459 consilio,
3934 3392 3996 3448 et
4034 3399 4150 3487 ἴω·
4153 3407 4194 3433 ⁸·
4224 3408 4331 3436 σου·

2449 3429 2794 3557 Apos’toliea
2827 3479 3178 3540 auctoritate
3207 3486 3409 3541 nostra
3441 3456 4212 3552 concessimus3at·1fs''i⁸‡..
4252 3465 4333 3549 ⁹2⁸:

2449 3589 2569 3650 que
2592 3572 2741 3635 baec
2763 3580 2924 3646 sunt,
2948 3591 3104 3652 quae
3130 3573 3195 3633 in
3226 3571 3567 3653 hujusmodi
3598 3572 3823 3634 Indulti
3848 3592 3991 3635 con-
4031 3564 4330 3676 wwflm

2447 3667 2707 3729 cessione
2728 3686 2869 3748 prae
2887 3665 3075 3728 oculis
3106 3665 3452 3737 babuimus,
3476 3686 3752 3747 quaeque
3782 3668 3987 3742 omnia
4028 3675 4080 3721 ¹³·
4106 3683 4188 3723 ⁸⁸·-

2433 3760 2797 3840 :exponenda
2828 3758 3112 3821 duximus
3131 3758 3426 3839 praesenti
3454 3761 3733 3832 Decret0,
3751 3761 3920 3840 ‚quod
3948 3780 3987 3825 a

2446 3853 2631 3914 Nobis
2648 3849 2965 3916 conditum.
2978 3859 3158 3914 manu
3182 3861 3392 3915 nostra-
3401 3853 3860 3934 subscripsimus
3872 3854 3986 3917 hac

2448 3947 2546 4010 die
2572 3953 2669 4009 21.
2695 3947 2950 4029 Augusti
2970 3948 3115 4009 anni
3149 3952 3320 4008 1748.
3342 3948 3772 4010 Anniversario
3802 3949 3986 4010 Coro-

2449 4042 2709 4104 nationis
2746 4050 2985 4104 nostrae
3010 4086 3028 4116 ,
3071 4041 3315 4108 ineunte
3356 4041 3744 4105 Pontificatus
3782 4043 3986 4106 Nostri

2446 4156 2608 4199 anno
2634 4156 2816 4198 nono.

2639 4323 3117 4422 semlerus
3149 4324 3265 4386 ιη).
3304 4322 3475 4386 xlv.

2560 4511 2745 4575 Porro
2758 4516 3172 4594 praeimsrtum
3189 4523 3442 4588 uestrum
3465 4513 3780 4584 Decretum,
3809 4521 3979 4593 atque

2443 4609 2508 4667 ιἰι
2537 4602 2597 4668 eo
2620 4609 2842 4682 omnia,
2871 4618 2924 4668 ot
2947 4610 3177 4688 sinqula
3202 4617 3490 4678 contenta,
3519 4629 3585 4670 ac
3606 4601 3974 4689 praescr-ipio,

2441 4722 2551 4781 quo
2577 4703 2797 4792 finnius
2822 4703 3156 4773 ειιὺοίοιαιιι,
3186 4713 3238 4762 οι
3261 4714 3547 4765 serventur
3569 4705 3858 4774 οωαοιίιιο,
3883 4714 3977 4765 at-

2439 4815 2543 4874 quc
2571 4797 2742 4857 etiam
2765 4806 3038 4880 quatenus
3071 4815 3206 4874 opus
3246 4798 3364 4866 sit,
3404 4797 3738 4856 auctoritate
3777 4808 3975 4860 nostra

2437 4890 2760 4969 Apostolica
2799 4900 2981 4949 unere
3018 4889 3396 4969 praesentium
3439 4875 3872 4972 confirmamus,
3920 4901 3974 4952 et

2436 4985 2829 5064 approbamus,
2851 4975 3074 5078 illique,
3103 4992 3156 5044 et
3180 4985 3454 5054 omnibus,
3483 5004 3550 5045 ac
3574 4987 3813 5063 sinqulis
3838 5006 3971 5046 con-

2437 5079 2632 5148 tentis,
2660 5067 3089 5157 &praescriptis
3108 5075 3456 5155 Apostolicae
3482 5080 3772 5159 firmitatis
3802 5081 3975 5140 robur

2435 5167 2778 5247 adjicimus,
2807 5180 2975 5246 atquc
3018 5170 3143 5239 ita,
3188 5179 3256 5229 ot
3284 5173 3715 5250 praemittitur,
3745 5175 3972 5232 omnino

2431 5265 2647 5325 servari
2661 5263 3019 5323 mandatnm.
3050 5261 3408 5336 Docmteatss
3429 5266 3641 5326 casdem
3657 5278 3969 5346 praesentes

784 5366 970 5438 atque
998 5356 1300 5435 Dominiis
1326 5355 1838 5418 commorantibus
1870 5362 1990 5416 tres
2020 5353 2276 5431 Missas*
2260 5372 2323 5414 ιιι
2429 5359 2646 5439 finnus,
2677 5357 2918 5428 validm,
2954 5366 3006 5416 ct
3029 5357 3261 5436 efficaces
3290 5361 3547 5433 existere,
3572 5370 3625 5422 et
3652 5361 3791 5438 soro,
3815 5381 3973 5420 ειιοι-

787 5450 887 5513 die
920 5426 1517 5522 Commemorationis
1551 5448 1824 5511 omnium
1848 5448 1911 5509 F
1915 5447 2164 5510 idelium
2202 5448 2319 5509 De-

2429 5471 2534 5530 que
2559 5451 2876 5532 plenarios,
2905 5460 2961 5510 ot
2986 5451 3226 5538 integros
3254 5451 3472 5533 effectus
3496 5455 3725 5524 sortiri,
3750 5464 3803 5515 et
3827 5455 3970 5514 obti-
