4487 6316
1004 490 1109 545 300

1763 486 1851 546 88.
1892 491 1960 543 D.
1999 492 2063 544 N.
2102 487 2470 547 nsunmc'rl
2504 487 2637 545 nv.
2673 489 3025 548 PRAEFs'rlo

823 633 1061 695 auvari
1097 635 1296 712 aliqua
1335 633 1534 710 misit.
1580 629 1684 696 Sic
1719 637 1870 696 enim
1909 635 2026 714 sors
2073 635 2360 697 arbitrata
2470 637 2729 716 pientiae
2749 635 3029 704 laudibus
3041 632 3473 717 spectatissimi,
3490 650 3753 714 quorum
3774 630 3839 694 in
3859 629 4000 695 urt-

829 739 937 798 est,
968 730 1307 789 utaniver-si
1327 748 1441 789 non
1467 731 1628 790 modo
1649 731 1879 808 facilius
1896 751 1969 793 ea
1990 769 2022 801 ,ι
2037 749 2178 809 quae
2201 749 2364 810 pras·-
2467 729 2584 810 ptis
2626 730 3008 811 ‚quaestiones
3058 728 3389 791 Polemicae
3428 746 3567 790 cum
3621 724 3998 787 Scholasticis

828 820 979 881 clare
1007 822 1223 882 tradita
1248 832 1380 881 sunt
1407 825 1596 883 animo
1622 834 1674 885 et
1697 826 1903 886 notitia
1943 824 2366 904 comprehende-1

829 924 976 985 rent,
996 915 1088 974 sed
1116 915 1240 994 ipsa
1265 918 1688 978 etiam.iacitati
1711 918 1985 995 facilitate
2010 919 2283 999 alacrius,
2308 927 2358 977 et

829 1007 1129 1068 studiosius
1155 1010 1232 1068 ad
1256 1011 1550 1078 eademmet
1580 1011 2301 1091 haurieadacomeaderent
2318 1054 2334 1070 .
2368 1050 2371 1056 ι

950 1105 1042 1163 17.
1074 1102 1345 1166 Excitata
1376 1105 1678 1169 Bononiae
1701 1113 1842 1167 sunt
1867 1126 1990 1167 non
2018 1105 2359 1173 multo-ab-

829 1192 971 1255 hinc
988 1201 1252 1275 tempore
1267 1195 1607 1279 hujusmodi
1626 1200 1844 1274 studia,
1868 1208 1929 1261 et
1949 1200 2224 1280 quamvis
2248 1202 2360 1261 Ro-

827 1305 962 1348 mae
991 1286 1362 1351 moraremur
1384 1336 1401 1364 ,
1433 1301 1631 1354 tamen
1656 1293 2038 1355 recordamur
2065 1292 2238 1356 domi
2252 1295 2363 1354 Ar-

826 1380 1158 1451 chidiaconi
1180 1382 1494 1468 ‘Mar-sigli,
1523 1388 1649 1468 qui
1653 1401 1858 1468 postea
1891 1391 2215 1472 Episcopus
2250 1391 2360 1451 Pe·-

829 1478 1028 1540 rusiae
1056 1481 1342 1557 decessit,
1373 1481 1772 1546 litteratorum
1798 1484 2113 1547 hominum
2159 1494 2360 1548 coetus

828 1570 1038 1635 haberi
1065 1576 1471 1650 consuevisse,
1510 1576 1573 1636 in
1621 1577 1843 1658 quibus
1884 1599 2092 1640 eorum
2140 1579 2363 1660 aliquis

828 1668 1189 1746 pertractare
1214 1668 1441 1731 solebat
1473 1680 1891 1752 argumentum
1923 1671 2040 1732 sibi
2070 1673 2361 1753 praescri-

829 1766 1036 1838 ptum,
1066 1762 1227 1841 quod
1247 1760 1330 1823 ad
1362 1762 1604 1826 Sacram
1632 1765 2000 1838 Historiam,
2026 1766 2125 1827 vel
2156 1766 2362 1828 Eccle-

830 1851 1125 1935 siasticam
1140 1855 1542 1917 eruditionemv
1557 1857 1900 1937 pertineret;
1915 1876 2119 1920 rerum
2135 1866 2357 1932 autem,

830 1944 906 2007 de
924 1945 1145 2026 quihus
1165 1948 1360 2009 sermo
1379 1948 1590 2010 haberi
1615 1950 1890 2028 debebat,
1911 1951 2232 2024 indiculus,
2255 1960 2361 2013 seu

824 2047 965 2133 nota
994 2041 1152 2124 typis
1178 2042 1464 2123 impressa
1489 2044 1742 2126 singulis
1769 2090 1786 2118 ,
1817 2046 1926 2126 qui
1953 2044 2235 2108 interesse
2264 2066 2360 2107 so-

827 2134 1073 2211 lebant,
1101 2145 1276 2199 antea
1305 2138 1799 2202 distribuebatur.

911 2261 914 2263 Δ
949 2234 1042 2291 18.
1073 2232 1146 2292 Ιιι
1172 2233 1644 2313 praesentiarum
1669 2254 1813 2299 vcro
1855 2236 2178 2298 laudabilis
2212 2235 2363 2299 haec

826 2323 1189 2387 consuetudo
1214 2334 1301 2387 est
1319 2328 1449 2409 ιῇιιιιι
1481 2328 1718 2408 penitus
1744 2330 2099 2410 antiquata,
2134 2349 2203 2392 ac
2234 2340 2363 2392 stu-

829 2416 1002 2478 dium
1016 2425 1322 2501 tantopere
1339 2416 1755 2498 necessarium,
1777 2414 1997 2486 nedum
2014 2424 2185 2498 utile,
2202 2426 2366 2505 qnod

829 2509 956 2572 fere
981 2510 1297 2593 ubique‘in
1322 2516 1662 2591 amoribus,
1691 2526 1878 2598 atque.
1898 2518 1962 2578 in
1991 2507 2366 2590 deliciis‘est,

827 2605 894 2665 in
921 2606 1034 2668 hac
1070 2607 1229 2669 Urbe
1252 2624 1273 2680 ,’
1305 2627 1462 2689 quae
1486 2630 1718 2691 semper
1746 2611 2135 2673 scientiarum
2158 2619 2367 2674 mater

831 2708 918 2762 est
943 2700 1151 2763 habita
1172 2747 1189 2774 ,
1221 2702 1596 2767 intolerando
1610 2708 1770 2787 jacet
1796 2706 2076 2787 squalore
2105 2706 2368 2768 obsitum

832 2793 1307 2875 neglectumque.
1358 2798 1716 2880 Hujusmodi
1760 2808 1962 2879 autem
2013 2792 2370 2870 eruditionis

832 2887 1125 2969 gloriam,
1155 2890 1262 2970 qui
1289 2893 1571 2974 consequi
1600 2893 1861 2957 studiose
1901 2897 2149 2977 cupiat,
2182 2896 2273 2957 ffli
2303 2897 2370 2958 in

835 2981 1046 3062 primis
1092 2986 1422 3065 necessaria
1458 2995 1548 3050 est
1587 2988 1802 3069 peritia
1835 2988 2079 3072 linguae
2117 2989 2367 3052 latinae.

836 3076 1019 3161 Cujus
1033 3063 1279 3161 quidem
1296 3080 1593 3165 elegantia
1611 3103 1732 3152 non
1750 3096 1935 3161 curae,
1946 3085 2238 3152 dumam
2252 3085 2377 3148 fuit

837 3173 1188 3253 Imperatori
1210 3178 1519 3258 Augusto,
1548 3178 1624 3240 de
1649 3198 1771 3259 quo
1796 3163 2384 3352 wo&

839 3266 1045 3347 Leqato
1076 3268 1382 3332 Consulari
1412 3291 1767 3335 successorem

837 3363 1097 3439 indocto,
1129 3365 1288 3444 cujas
1316 3383 1492 3427 manu
1517 3369 1612 3428 ixi
1635 3387 1741 3448 pro
1778 3370 1888 3448 ipsi
1928 3370 2226 3447 scriptum
2241 3371 2376 3430 oni-

835 3458 1229 3531 madverterat,
1253 3459 1355 3521 sed
1374 3460 1556 3522 etiam
1586 3461 1837 3522 Romani
1866 3459 2198 3523 Pontifices
2208 3461 2285 3522 ad
2308 3481 2381 3524 ea
2442 3461 2445 3464 ’

836 3571 1071 3633 semper
1094 3553 1333 3615 solliciti
1356 3554 1602 3631 fuerunt
1616 3599 1633 3628 ,
1655 3566 1732 3617 ιιι
1752 3562 2077 3617 constatex
2096 3558 2276 3636 capite
2303 3558 2379 3617 ad

839 3648 1188 3709 audientiam
1211 3650 1274 3709 de
1300 3651 1602 3730 rescriptis.
1634 3650 1754 3712 Nec
1778 3650 1992 3712 desunt
2012 3650 2075 3710 in
2102 3651 2214 3714 hac
2225 3650 2381 3713 Civi-

840 3749 962 3804 tate
986 3743 1208 3825 egregii
1236 3743 1538 3816 hominm,
1567 3757 1827 3825 quorum
1854 3744 2007 3807 bene
2035 3745 2255 3818 multos
2276 3762 2379 3805 no-

842 3834 1040 3896 vimus
1063 3882 1080 3909 ,
1108 3827 1220 3917 qui
1244 3836 1640 3898 clarissimum
1664 3836 2143 3899 adolescentibus
2171 3836 2378 3897 lum'en·

843 3930 1185 4009 praeferant
1202 3932 1278 3994 ad
1302 3921 1689 3993 humaniores
1715 3931 1964 4003 litteras,
1992 3931 2250 4012 quarum
2275 3931 2378 3991 de-

843 4024 1066 4089 siderio
1091 4046 1213 4088 non
1238 4027 1584 4108 ignoramus
1608 4026 1835 4107 primos
1860 4026 2216 4108 Theologiae
2249 4026 2379 4086 Ma-

846 4118 1062 4199 gistros
1077 4119 1406 4199 plurimum
1418 4119 1790 4201 diligentiae,
1813 4118 2061 4192 laboris,
2082 4139 2151 4181 ae
2165 4137 2380 4199 operae

848 4211 916 4273 in
933 4213 1327 4282 Ethnicorum
1352 4213 1764 4275 voluminibus
1784 4214 2122 4275 collocasse.
2144 4213 2380 4275 Praete-

850 4322 955 4368 rea
979 4306 1055 4368 ad
1074 4305 1360 4389 ejusmodi
1384 4300 1916 4390 studiumfdequo
1943 4326 2107 4378 nunc
2123 4306 2379 4387 agimtu,

853 4399 1181 4461 necessaria
1199 4408 1285 4461 est
1304 4400 1549 4506 praevia
1572 4399 2194 4490 veraePhibsapbiae
2212 4399 2384 4461 insti·

857 4493 1047 4564 tutio,
1076 4512 1233 4572 quae
1263 4492 1425 4554 viam
1452 4491 1529 4554 ad
1554 4493 1942 4576 Theologiam
1972 4486 2247 4574 apertat,
2266 4493 2385 4574 sed

857 4586 943 4649 ita
966 4587 1213 4666 quidem
1233 4588 1536 4676 medem
1561 4607 1792 4668 semper
1821 4584 2188 4668 obsequium
2210 4601 2385 4669 prae-

858 4686 972 4741 stet
981 4680 1192 4761 ,quod
1206 4677 1586 4768 Amafinius
1609 4688 1910 4773 praestare
1934 4680 2155 4742 debuit
2168 4701 2245 4741 ex
2273 4680 2389 4741 im-

859 4767 1633 4885 petiam,
1651 4784 1722 4838 ut
1735 4775 2132 4856 eloquentiae,
2153 4777 2237 4838 sic
2255 4776 2392 4837 Phi-

860 4866 1204 4949 losophiae
1651 4869 2007 4932 'desiderat
2047 4870 2194 4934 haec
2236 4871 2391 4932 Urbs

862 4963 1269 5040 doctissimos,
1629 4968 1691 5026 ιιι
1718 4963 2002 5039 valeant,
2035 4973 2096 5026 et
2126 4965 2234 5045 qui
2267 4971 2392 5025 me-

864 5058 1045 5121 thodo
1066 5067 1315 5123 utantur
1337 5059 1677 5140 praeclara,-
1665 5057 1870 5131 faciti,
1896 5056 2249 5139 perillustri,
2256 5077 2394 5121 mar

862 5152 1145 5235 ximeque
1169 5154 1330 5235 apud
1353 5137 1711 5216 *Academias
1749 5151 1811 5214 id
1836 5152 2133 5232 temporis
2144 5152 2394 5215 nobilis-

2464 826 2939 906 conjmguntur,
2959 824 3257 904 >variaque
3282 819 3725 884 Ecclesiastieae
3745 828 3876 881 tum
3901 818 3999 879 hi-

2465 919 2708 992 storiae,
2731 927 2857 981 tum
2876 918 3229 987 eruditionis
3247 917 3443 997 capita
3465 914 3861 996 explicantur.
3889 915 4003 973 To-

2465 1022 2525 1077 ta
2549 1013 2735 1095 igitur
2761 1014 3076 1076 difficultas
3108 1013 3173 1073 in
3203 1032 3274 1075 eo
3305 1012 3420 1074 sita
3447 1019 3567 1084 est,
3595 1009 3760 1091 quod
3793 1008 4001 1089 hujus-

2426 1162 2432 1164 ,
2465 1109 2622 1170 modi
2641 1107 2838 1195 studia
2856 1127 2976 1170 non
3000 1107 3487 1188 praemittuntur,
3511 1114 3616 1168 aut
3638 1104 3687 1165 si
3710 1103 4003 1184 praemis-

2464 1201 2803 1276 safuerint,
2833 1200 3219 1284 negliguntur
3241 1198 3548 1282 deinceps,
3577 1219 3688 1262 nec
3712 1199 3789 1261 ad
3817 1196 4008 1257 finem*

2465 1296 2894 1378 perducuntur.
2927 1297 3109 1361 Navis
3134 1297 3201 1357 in
3227 1293 3425 1358 medio
3448 1314 3628 1357 cursu
3657 1293 4003 1364 inhibetur:

2471 1393 2798 1473 imponitur
2813 1437 2830 1466 ,
2862 1399 2932 1454 ut
2948 1392 3064 1454 dici
3087 1389 3269 1464 solet,
3292 1398 3548 1461 tectum;
3573 1390 3637 1450 in
3660 1388 3813 1460 otio,
3842 1386 4005 1468 quod

2467 1486 2939 1566 superestvitae,
2971 1485 3345 1567 transigitur,
3388 1491 3449 1546 et
3485 1483 3590 1563 qui
3622 1480 4010 1543 'scholasticos

2468 1600 2675 1642 cursus
2691 1581 2879 1643 semel
2911 1580 3139 1662 peregit
3166 1625 3183 1654 ‚
3199 1580 3266 1640 -is
3298 1587 3534 1660 praeter
3560 1576 3829 1657 Magistri
3858 1575 4009 1636 scr-i-

2467 1683 2569 1755 pta
2597 1673 2749 1736 nihil
2775 1670 2943 1736 aliud
2988 1674 3286 1751 desiderat
3312 1719 3329 1746 ,
3356 1673 3630 1753 quorum
3658 1716 3675 1744 ,
3717 1666 3786 1732 ut
3828 1688 4006 1749 saepe

2467 1767 2566 1842 fit,
2597 1777 2728 1849 post
2754 1766 2997 1851 brevem
3026 1769 3311 1848 temporis
3334 1768 3568 1847 lapsum
3589 1763 4003 1845 obliviscitur,

2466 1871 2527 1924 et
2550 1862 2686 1925 licet
2711 1868 3124 1944 quaecumque
3149 1862 3397 1935 didicit,
3433 1860 3691 1922 fideliter
3720 1857 4013 1935 memoria

2470 1964 2685 2028 teneat,
2715 1964 3003 2018 earmmen
3030 1956 3184 2019 tanti
3206 1974 3331 2018 me
3353 1974 3471 2016 non
3505 1961 3770 2034 possunt,
3801 1961 3870 2013 ut
3899 1952 4011 2013 do-

2467 2051 2694 2114 ctrinae
2718 2050 3147 2131 supellectilem
3163 2051 3411 2133 pariant
3431 2046 3839 2133 Ecclesiastico
3858 2046 4012 2109 satis

2468 2145 2753 2226 dignam,
2786 2153 2914 2206 tum
2947 2145 3092 2226 quia
3128 2143 3342 2208 nullus
3373 2142 3680 2205 invenitur
3722 2140 4010 2249 Magister

2469 2240 2800 2320 quamlibet
2820 2239 3105 2322 diligens,
3129 2259 3198 2301 ac
3222 2239 3525 2310 crudum,
3548 2235 3654 2317 qui
3677 2235 3882 2297 omnia
3904 2252 4011 2294 no-

2468 2336 2653 2408 verit,
2684 2343 2813 2396 tum
2832 2335 2994 2415 quod
3017 2354 3175 2394 unus
3200 2334 3480 2414 Magister
3502 2339 3759 2412 nequeat
3783 2349 3853 2392 ea
3882 2337 4021 2392 tra--

2470 2428 2611 2490 dere
2630 2426 2864 2509 scriptis
2888 2428 3122 2500 omnia,
3148 2446 3304 2507 quae
3328 2425 3606 2543 legendo,
3631 2414 4020 2507 quaerendo-

2470 2541 2593 2603 que
2621 2521 2922 2602 cognovit.

2593 2620 2688 2676 19.
2720 2615 2959 2677 Interea
2984 2633 3151 2688 vero,
3173 2620 3233 2675 et
3257 2613 3333 2675 ad
3357 2566 3513 2674 hanc
3537 2611 3877 2691 pudendam
3887 2619 4009 2671 stu·

2476 2708 2718 2770 diorum
2751 2709 3059 2772 rationem
3075 2707 3474 2790 obtegendam
3501 2703 3872 2766 mussitando
3918 2702 4013 2763 di·-

2476 2803 2634 2868 citur
2662 2802 3051 2885 Theologiam
3085 2800 3685 2870 reruvaiv-inarum
3719 2799 4017 2879 interpre-

2477 2907 2596 2960 tem
2642 2899 3060 2975 Sacerdotibus
3102 2898 3245 2959 satis
3286 2916 3412 2959 esse
3432 2917 3472 2982 ε,
3502 2897 3763 2960 alioruin
3789 2941 3805 2968 ,
3859 2911 4017 2973 quae

2479 2995 2753 3075 snper-ius
2789 2993 3252 3058 memoravimus
3275 3039 3291 3066 ,
3336 2991 3671 3055 studiorum
3723 2985 4020 3050 inutilitas

2480 3089 2899 3170 praedicatur-3
2927 3096 2987 3150 et
3020 3087 3220 3170 palam
3246 3086 3505 3168 denique
3535 3085 3896 3160 ,dictitatun‘
3941 3080 4022 3142 iis

2479 3183 2771 3246 obeundis
2792 3182 3023 3256 studiis,
3036 3200 3163 3244 nec
3180 3202 3304 3244 esse
3324 3186 3557 3244 necesse
3567 3180 3880 3255 omnihus,
3909 3196 4022 3238 nec

2484 3298 2733 3341 vacare.
2812 3315 2817 3322 ·
3340 3294 3349 3307 ’
3878 3293 3881 3296 ’

2600 3375 2697 3432 20.
2726 3370 2887 3445 Quid
2916 3390 3024 3432 nos
3051 3371 3133 3433 de
3152 3378 3312 3432 recta
3344 3302 3738 3431 Scholasticae
3762 3365 4020 3429 Theolo-

2482 3464 2615 3547 giae
2634 3464 2919 3527 methodo
2952 3463 3297 3536 sentiamus,
3332 3471 3600 3543 quotque
3622 3482 3699 3524 ex
3729 3462 3861 3543 ejus
3886 3459 4021 3552 fon

2447 3609 2448 3612 η
2484 3559 2649 3621 tibus
2690 3558 2758 3619 in
2810 3557 3136 3631 Ecclesiam
3182 3556 3514 3619 commoda
3535 3555 3909 3618 dimanarint
3953 3565 4027 3617 ae

2484 3651 2752 3732 quotidie
2777 3650 2989 3723 fluant,
3012 3652 3138 3731 iam
3173 3650 3315 3712 satis
3338 3649 3707 3711 ostendimus
3729 3643 3794 3709 ιιι
3826 3647 4023 3727 prima

2483 3752 2832 3806 nostrarum
2852 3741 3318 3810 Instructionum
3342 3741 3735 3805 Pastoralium
3757 3742 3949 3801 Tom.
3959 3745 4019 3801 3.

2485 3839 2568 3902 Ii‘s
2593 3848 2824 3910 autem,
2853 3834 3015 3917 quae
3040 3830 3166 3897 illic
3186 3836 3450 3898 diximus
3468 3882 3484 3909 ,
3511 3834 3742 3897 ‘addere
3768 3833 4026 3896 auctori-

2486 3942 2665 3996 tatem
2686 3932 2878 4013 placet
2898 3932 3097 4014 magni
3120 3930 3413 4012 Theologi
3427 3930 3758 3992 Salmeroni
3785 3938 3928 3992 tom.
3963 3934 3990 3990 ι
4003 3972 4020 3988 .

2486 4027 2819 4100 prolegom.
2846 4032 2903 4085 9.
2933 4026 3357 4107 quinquagena
3384 4028 3447 4083 1.-
3470 4043 3649 4104 super
3674 4023 4022 4104 Evangelia:

2488 4122 2861 4180 Sela-olastif'(n¹
2895 4119 3211 4198 Theoloqt'ae
3229 4118 3499 4187 studium,
3522 4120 3585 4176 ἰπ
3602 4136 3711 4196 quo
3724 4119 3872 4177 brevi
3886 4134 4029 4179 oom-

2484 4217 2705 4293 ριτηιὶιο,
2741 4235 2805 4273 ae
2833 4224 2981 4273 certa
3008 4212 3257 4273 methodo
3280 4212 3595 4271 multarum
3631 4229 3848 4279 reram,
3884 4230 4029 4288 quae

2491 4311 2695 4367 tamin
2725 4311 3140 4386 scripturarum
3168 4304 3354 4365 studio
3372 4352 3387 4374 ,
3415 4314 3543 4365 tum
3572 4306 3639 4363 in
3668 4305 3945 4374 doctrina,
3976 4313 4030 4363 et

2494 4402 2718 4462 lectione
2744 4410 2987 4461 veterum
3020 4397 3267 4460 Patram
3298 4400 3562 4466 latissime
3579 4406 3683 4467 *ct-
3703 4397 4031 4478 firmissime

2485 4504 2911 4577 pertractantur
2929 4496 3190 4555 veritates
3217 4494 3598 4571 adsequs'mur,
3620 4510 3734 4551 aon
3753 4502 3829 4551 est
3851 4492 4031 4550 homi*

2492 4592 2584 4651 nis
2633 4587 2915 4650 Catholici
2939 4603 3212 4667 respuere,
3246 4607 3380 4665 nam
3408 4594 3744 4647 conten-sere
3772 4586 4036 4646 haeretici

2495 4698 2595 4757 est,
2623 4694 2677 4746 et
2696 4699 2930 4763 prorsus
2952 4683 3017 4743 de
3044 4681 3301 4748 Ecclesia
3334 4679 3628 4742 catholica
3654 4681 3798 4742 male
3819 4680 4031 4749 meriti,

2497 4800 2639 4860 quae
2666 4781 2764 4839 hoc
2789 4796 2957 4857 yones
2984 4776 3305 4855 Theoloqiae
3318 4778 3522 4835 multis
3541 4775 3717 4834 modis
3745 4775 4035 4854 amplexa-

2499 4884 2559 4936 ta
2580 4884 2689 4933 est.
2716 4870 2849 4932 Sed
2859 4870 3078 4931 itemm
3106 4868 3425 4930 asserimus
3449 4885 3585 4929 eam.
3604 4866 3737 4927 viro
3748 4863 4036 4937 Ecclesia-

2497 4967 2643 5029 stico
2674 4984 2795 5027 non
2821 4964 2963 5025 satis
2994 4979 3126 5025 esse
3146 5006 3163 5034 ,
3207 4961 3304 5022 cui
3336 4959 3664 5021 necessaria
3691 4953 3871 5019 etiar‘n
3914 4956 4035 5018 alia

2473 5076 2474 5080 ’
2499 5058 2692 5122 studia
2715 5057 2990 5138 superius
3015 5055 3275 5117 indicata
3296 5053 3705 5115 existimamus
3719 5094 3735 5111 .
3761 5050 3907 5112 Cum
3928 5070 4037 5112 au-

2502 5166 2609 5215 tem
2660 5155 2757 5214 hoc
2781 5170 2955 5231 penas
2989 5149 3310 5228 Theoloqiao
3352 5146 3696 5216 commodo,
3722 5144 4035 5210 Saline'ron

864 5254 1046 5315 simas
1068 5251 1312 5314 usitata.-
1352 5248 1791 5328 Philosophiae
1807 5245 2130 5327 Theologia
2158 5245 2400 5324 accedat
2506 5246 2938 5329 prosequitur,-
2934 5246 3166 5314 aolivn,
3216 5254 3280 5314 ιιι
3311 5244 3620 5321 qaisquam
3638 5242 3703 5300 in
3739 5240 3877 5299 illis-
3913 5245 4037 5298 stu-

866 5369 1100 5428 necesse
1124 5357 1254 5421 est,
1261 5347 1467 5455 cujus·
1483 5343 1842 5425 professores
1867 5352 2182 5403 versantur
2204 5342 2400 5402 Bono-
2505 5341 2624 5401 diis
2654 5348 3031 5409 consenescat,
3066 5338 3159 5398 sed
3181 5335 3557 5405 wieder-alum,
3588 5343 3650 5394 et
3669 5344 3879 5393 certum
3909 5340 4038 5390 tem-

869 5449 1006 5511 niae
1026 5443 1271 5529 plurimi
1299 5440 1570 5522 apprime
1591 5438 1779 5510 docti,
1807 5444 1986 5518 atque
2008 5435 2287 5498 omnibus
2314 5455 2401 5499 sa.-

2501 5454 2609 5517 pus
2639 5436 2760 5496 illis
2796 5421 3263 5515 disputationibus
3293 5429 3610 5511 impendat,
3643 5438 3707 5487 ut
3734 5427 3811 5488 ad
3843 5426 4036 5485 melio-
