4487 6316
1879 548 2005 600 Lm.
2046 547 2110 598 1-1.
2150 546 2275 599 CA?
2330 545 2417 600 Χῐ.
3436 542 3505 593 ’13

489 692 802 754 Dominiea
825 692 1036 773 quinta
1059 699 1188 773 post
1219 691 1618 752 pentecostem
1646 689 1809 751 hist-e
1833 691 2036 752 verbis
2139 689 2251 752 ctis
2278 689 2594 770 Apostolis‚
2620 687 2715 749 vel
2743 687 3215 768 Apostolicorum
3235 643 3571 766 temporum
3591 681 3684 744 vi-

484 797 787 867 concepta:
820 787 1143 867 Propiliare
1165 786 1399 846 Domine
1420 787 1915 865 sumdicationibus
1934 807 2034 845 no-
2142 783 2226 845 ris
2251 803 2377 846 esse
2401 784 2804 847 tribuendam.
3001 809 3002 816 ¹
3709 865 3716 868 .

486 886 618 943 stris
649 931 663 953 ‚
712 894 761 944 et
792 883 892 943 has
919 884 1217 943 oblationes
1257 883 1600 960 [amulorum
1633 892 1855 939 morum
1880 882 2033 941 beni-
2263 883 2356 939 15.
2392 878 2591 939 Tertio
2614 924 2631 950 ,
2676 876 2900 957 incipit.
2925 867 3223 938 Praefatio
3259 895 3335 936 ex
3374 871 3684 936 salutatio-
3724 867 4015 969 gaam

482 998 624 1056 quus
676 997 891 1037 assume
927 1024 941 1047 ‚
996 988 1058 1035 a!
1124 977 1270 1052 qaod
1329 976 1542 1051 sinyuli
1586 975 1904 1034 oblaterant
1959 976 2035 1035 ad
2141 990 2217 1033 ne
2245 971 2321 1032 ad
2359 969 2649 1050 populum
2688 970 2963 1030 Dominus
3002 970 3277 1029 vobiscum
3296 989 3326 1046 ,ἡ
3362 986 3558 1045 neque
3595 974 3685 1027 ta-
3726 983 3868 1051 serdus
3930 927 4013 1049 ἓξ

484 1073 743 1132 honorem
790 1073 1029 1130 mininis
1061 1073 1147 1130 tui
1172 1118 1186 1140 ,
1238 1072 1449 1130 cunctis
1475 1070 1732 1148 proficiat
1759 1070 1836 1130 ad
1883 1070 2037 1128 sala·-
2142 1085 2278 1126 men
2290 1065 2572 1126 Sacerdos
2596 1063 2961 1126 seconvertit
2979 1063 3055 1125 ad
3077 1061 3398 1142 Populum,
3422 1060 3518 1122 vel
3537 1059 3685 1140 quia
3721 1041 3846 1141 2:1⁸²
3867 1043 4012 1138 ¹33¹?ss

496 1177 620 1228 rem.
2139 1179 2278 1222 cum
2306 1159 2462 1221 dixit
2484 1157 2659 1225 Orate
2680 1156 3367 1238 fratrea-quodammodo
3386 1154 3681 1236 Populum
3718 1168 4011 1256 effugium·-

2138 1254 2453 1326 dimiserit3
2475 1253 2571 1315 vel
2597 1252 2743 1334 quia
2765 1261 2904 1315 ante
2932 1251 3370 1314 Praefationem
3385 1251 3562 1332 juxta
3580 1247 3682 1309 Li·-
3722 1269 3870 1331 panum

2140 1348 2368 1429 turgias
2392 1347 2746 1410 Sanctorum
2790 1346 2995 1408 Jacobi
3021 1392 3037 1419 ,
3075 1344 3280 1407 Basilii
3304 1389 3321 1418 ‚
3345 1351 3413 1410 ‚et
3439 1341 3680 1406 Chriso-

2135 1443 2309 1503 stomi
2332 1442 2751 1503 Sanctuarium
2786 1440 3198 1512 claudebatur,
3227 1446 3289 1500 et
3319 1437 3547 1504 circum
3573 1434 3680 1497 Al-

2135 1544 2263 1597 tare
2296 1536 2498 1598 velum
2531 1535 3026 1616 oppandebatur;
3057 1534 3310 1613 ideoque
3335 1532 3488 1594 nihil
3518 1532 3579 1592 in
3605 1531 3681 1592 il-

2135 1629 2195 1692 la
2223 1630 2584 1692 salutatione
2600 1647 2749 1710 opus
2770 1638 2919 1702 erat,
2949 1637 3016 1690 ut
3046 1649 3110 1690 se
3134 1628 3405 1691 sacerdos
3429 1646 3680 1689 conver-

2135 1732 2286 1786 teret
2317 1725 2395 1786 ad
2427 1724 2723 1805 Populum
2747 1770 2764 1796 ,
2801 1743 2982 1804 quem
3016 1723 3220 1785 videre
3248 1742 3370 1783 non
3401 1730 3674 1802 poterat,

2131 1827 2203 1880 ut
2225 1820 2502 1881 observat
2537 1821 2620 1881 Le
2653 1820 2820 1880 Brun
2855 1826 2999 1879 tom.
3044 1823 3095 1878 1.
3135 1837 3270 1898 pag.
3307 1822 3442 1900 386.

2255 1917 2349 1975 16.
2382 1914 2614 1988 Quarto
2629 1958 2646 1987 ‚
2679 1932 2894 1974 novem
2920 1920 3063 1973 sunt
3088 1911 3493 1974 Praefationes
3505 1911 3683 1993 juxta
3723 1902 4012 2003 ffss’ssiffiss‘

2133 2027 2237 2082 ea,
2272 2027 2430 2088 quae
2459 2007 2734 2089 Pelagius
2763 2008 2842 2068 11.
2879 2006 3158 2067 Pontifex
3186 2005 3421 2085 scripsit
3447 2005 3524 2066 ad
3545 2004 3684 2085 Epi·
3720 2016 4010 2118 &lwhaffi

2132 2121 2339 2182 scopos
2369 2102 2726 2164 Germaniae
2754 2109 2814 2163 et
2839 2100 3107 2173 Galliae;
3133 2100 3328 2181 prima
3356 2100 3432 2161 de
3456 2098 3681 2161 Nativi-
3721 2129 4007 2186 Annum,

483 2200 647 2257 tione.
683 2196 965 2277 Sequitur
994 2196 1209 2259 deinde
1231 2196 1550 2270 Praefatio,
1580 2196 1657 2258 ad
1678 2215 1861 2276 quam
1887 2196 2026 2277 plu·
2133 2204 2253 2258 tate
2287 2196 2527 2257 Domini
2554 2241 2571 2270 ‚
2600 2196 2860 2258 secunda
2886 2196 2959 2257 de
2992 2194 3361 2274 Epiphania,
3397 2192 3573 2288 tertia
3601 2192 3678 2254 de
3719 2191 4008 2290 afim·-

482 2310 551 2353 ra
580 2291 1017 2354 adnotabimus,
2133 2290 2627 2373 Quadragesima‚
2653 2298 2871 2371 quarta
2892 2289 2967 2351 de
2988 2288 3197 2362 Cruce‚
3228 2289 3443 2369 quinta
3467 2288 3542 2349 de
3564 2288 3678 2350 Pa·

270 2406 440 2452 rnes·-
605 2389 697 2445 13.
726 2384 949 2457 Primo,
983 2384 1246 2446 Prafatio
1267 2403 1343 2445 ex
1358 2388 1435 2445 ‘eo
1460 2382 1881 2466 etymologiam
1901 2390 2025 2444 tra-
2131 2394 2290 2448 scate
2315 2432 2332 2459 ,
2370 2392 2537 2448 sexta
2561 2385 2636 2447 de
2666 2385 3023 2447 Ascensione
3042 2430 3059 2458 ,
3091 2384 3342 2465 septima
3373 2384 3449 2445 de
3474 2383 3682 2444 Pente-

154 2413 281 2514 ἔξω·
303 2470 347 2510 ¹⁸¹
365 2467 442 2566 {¹31
483 2476 596 2549 hit,
633 2478 795 2557 quod
817 2491 985 2540 sacro
1010 2484 1255 2558 praeeat
1283 2477 1533 2549 Canoni,
1558 2496 1628 2537 ac
1649 2476 2026 2558 praeparatio
2131 2486 2290 2541 coste
2304 2505 2330 2553 ,·
2344 2489 2554 2542 octava
2577 2479 2652 2541 de
2671 2479 2773 2541 SS.
2805 2478 3128 2550 Trinitate‚
3161 2496 3322 2539 nona
3341 2477 3416 2539 de
3435 2478 3682 2557 Aposto-

607 1264 699 1320 12.
750 1259 1032 1320 Sacerdos
1078 1257 1183 1319 ubi
1229 1257 1307 1318 ad
1350 1264 1684 1337 postremae
1727 1257 2033 1318 Orationis

480 1361 736 1414 secretae
765 1352 949 1413 finem
975 1351 1276 1432 pervenit,
1308 1370 1514 1412 vocem
1537 1349 1736 1422 tollit,
1769 1359 1828 1411 et
1851 1350 2027 1411 dicit:

158 1480 342 1523 culorum
358 1491 439 1524 m,
483 1445 598 1506 Per
636 1447 1084 1507 omniasaecula
1111 1446 1457 1505 saeculoram
1486 1492 1500 1514 ,
1548 1462 1705 1524 quae
1742 1443 1927 1504 verba
1954 1444 2031 1505 ad

157 1541 444 1637 ἓξὲξ
482 1539 795 1601 Orationes
824 1539 1163 1620 pertinent,
1196 1557 1352 1618 quae
1376 1540 1503 1619 jam
1536 1537 1815 1599 recitatae
1841 1545 1981 1598 sunt
2010 1560 2026 1611 ς

160 1651 350 1696 nun-eim
370 1667 444 1696 vo-
482 1642 667 1714 atque
705 1653 776 1694 ea
801 1633 1069 1695 clausula
1094 1678 1111 1707 ‚
1147 1632 1261 1693 Per
1289 1635 1480 1693 omnia
1521 1635 1746 1694 saccula
1781 1635 2028 1694 saeculo-

480 1743 631 1796 ram,
660 1726 878 1787 idcirco
902 1725 1123 1787 dicitur
1143 1725 1300 1787 elata
1322 1744 1485 1799 voce,
1520 1734 1589 1786 ut
1620 1725 1881 1806 Populus
1904 1745 2028 1786 res-

480 1821 736 1902 pondeat
769 1821 947 1880 Amen
976 1868 991 1891 ,
1040 1828 1101 1882 et
1128 1819 1445 1881 Orationes
1474 1840 1510 1881 a
1536 1819 1851 1886 Sacerdote
1876 1821 2028 1881 reci-

482 1921 633 1977 tatas
671 1914 1025 1987 confirmet,
1069 1921 1138 1975 ut
1180 1922 1311 1994 post
1353 1914 1749 1996 Micrologum
1787 1932 1916 1993 cap.
1962 1920 2020 1976 7.

482 2010 758 2071 observat
797 2008 1133 2071 Cardinalis
1163 2008 1562 2070 Bellarminus
1586 2017 1730 2070 tom.
1781 2014 1838 2070 3.
1873 2008 2029 2070 Con-

482 2110 730 2164 trovers.
764 2103 870 2164 lib.
908 2109 964 2164 6.
997 2103 1070 2174 de
1093 2103 1272 2165 Missa
1300 2121 1430 2182 cap.
1468 2107 1561 2163 17.
1592 2101 1657 2184 S.
1691 2102 1755 2163 de
1782 2102 2024 2182 Praefa-

158 1312 223 1352 De
244 1308 440 1363 clausula,

157 1369 237 1410 Per
307 1368 443 1410 unni·

157 1423 312 1466 saecula
350 1439 441 1466 sae-

155 2526 304 2639 {22³3
337 2581 440 2623 *her
481 2567 779 2651 quaedam
802 2572 880 2633 sit
902 2572 979 2633 ad
1006 2571 1376 2634 Sacrificium
1394 2617 1411 2643 ,
1441 2579 1510 2631 ut
1536 2572 1722 2651 probe
1747 2572 2027 2632 observat
2134 2573 2229 2648 lis,
2267 2583 2336 2636 ut
2357 2574 2561 2636 videre
2594 2581 2685 2636 est
2715 2574 2780 2635 in
2814 2573 3056 2635 Canone
3087 2575 3400 2632 invenimus
3418 2573 3483 2632 dc
3528 2570 3680 2640 Con-

156 2646 226 2738 if
255 2640 440 2755 ¹:31⁸»ss
481 2666 802 2726 Durflndus
829 2666 935 2728 lib·
972 2670 1029 2727 4.
1064 2668 1192 2746 cap.
1215 2671 1323 2750 ⁷33.
1352 2673 1533 2745 atque
1567 2664 1629 2725 id
1658 2664 1855 2744 ipsum
1882 2683 2025 2726 con·
2133 2671 2438 2730 sacratione
2459 2670 2590 2728 dist.
2636 2667 2958 2747 t.,quibus
2972 2667 3255 2728 Urbanus
3281 2666 3359 2726 11.
3376 2663 3676 2726 aliamad-

154 2753 277 2852 πω
327 2753 440 2854 gg:
479 2757 679 2827 firmat
702 2758 879 2839 Hugo
907 2759 1229 2820 Menardus
1250 2759 1313 2819 in
1329 2759 1497 2819 Notis
1515 2758 1592 2819 ad
1615 2759 2025 2819 Sacramenta-

156 2868 332 2912 ιαωο.

2133 2762 2362 2824 diditin
2374 2761 2639 2824 Concilio
2653 2761 3021 2834 Placentino,
3041 2780 3203 2840 quae
3235 2770 3324 2821 est
3355 2760 3429 2821 de
3457 2760 3524 2819 B.
3543 2759 3686 2820 Vir-

482 2852 640 2913 rium
682 2852 742 2914 S.
778 2853 1051 2935 Gregorii
1092 2872 1228 2934 pag.
1262 2858 1358 2913 25.
1390 2852 1681 2930 Praefatio
1718 2863 1795 2912 est
1821 2850 2025 2915 Oratio
2130 2855 2292 2937 gine,
2324 2863 2392 2915 ut
2420 2854 2676 2916 refertur
2703 2854 2766 2915 in
2793 2855 3033 2916 Canone
3045 2853 3395 2915 Sanctorum
3415 2851 3478 2933 §.
3509 2850 3676 2913 finali

158 4027 452 4201 Ξὲἓῑῖἕ
492 4076 721 4137 nescire
766 4076 890 4148 ait,
936 4075 1074 4154 quis
1119 4075 1514 4138 Praefationis
1556 4076 1740 4138 fuerit
1782 4085 2032 4138 auctor:

159 4213 255 4241 rum
288 4207 446 4253 tempo-

156 4270 254 4355 32:
283 4257 449 4354 Ρὲἶῗ-ἰί

159 4372 301 4486 3:5⁸²
338 4383 453 4411 eom-
494 4362 637 4419 vocis
656 4361 993 4439 supplicatio
1012 4360 1329 4419 caelestium
1353 4347 1633 4419 virentum¹
1654 4360 1911 4420 laudibus
1932 4362 2039 4421 ad-

156 4483 369 4528 Cel-sius.

480 2968 577 3008 sen
604 2949 921 3025 gratiarum
951 2951 1137 3018 actim
1164 2968 1305 3026 quae
1346 2945 1569 3008 Canoni
1590 2948 1982 3028 praevidentur
2005 2996 2020 3020 ,

481 3061 594 3121 qna
622 3032 939 3122 disponitur
967 3040 1237 3103 Sacerdos
1271 3052 1319 3101 el
1345 3040 1597 3121 Populus
1622 3042 1698 3103 ad
1719 3043 2026 3103 tremendo-

478 3156 607 3198 rum
631 3139 1021 3217 mysteriorum
1039 3137 1443 3215 confectionem.
1478 3136 1548 3197 In
1573 3134 1797 3197 Missali
1826 3137 2024 3200 Moza-

484 3232 688 3293 rabico
709 3231 1046 3312 appellatur
1056 3230 1292 3302 lutaria-
1312 3249 1453 3291 nam
1480 3250 1555 3292 ex
1569 3230 1868 3292 Fidelium
1889 3251 2026 3294 ver.-

485 3326 578 3387 b'is
603 3325 886 3387 Sacerdos
908 3325 1110 3399 infert,
1139 3325 1391 3408 dignum
1418 3333 1479 3387 et
1495 3327 1725 3408 justum
1753 3345 1878 3388 esse
1903 3328 2030 3389 Deo

482 3420 706 3501 gratias
740 3440 915 3502 agere
940 3466 957 3493 ,
1003 3419 1297 3482 illaudare
1322 3465 1339 3494 ‚
1388 3427 1450 3482 et
1488 3419 1871 3502 magnificare
1894 3466 1911 3495 ‚
1961 3428 2030 3483 ut

483 3515 743 3576 advertit
766 3514 1101 3577 Cardinalis
1128 3515 1294 3576 Bona
1324 3514 1433 3576 lib.
1466 3519 1525 3577 2.
1563 3516 1699 3575 Rer.
1737 3515 2022 3597 Liturgic.

483 3627 612 3687 cap.
652 3612 744 3669 10.
777 3628 840 3668 ιι.
870 3612 1032 3675 2.,ιιο
1059 3607 1139 3668 ob
1168 3607 1420 3669 eandem
1453 3607 1742 3669 rationem
1789 3607 2030 3671 Praefa-

486 3700 569 3762 tio
597 3700 940 3780 appellatur‘
958 3700 1297 3761 Conteslatio
1317 3701 1381 3761 in
1405 3700 1879 3763 Sacramentario
1888 3699 2030 3764 Gal-

440 3800 443 3803 ’
486 3795 682 3856 licano
720 3794 878 3856 edito
921 3814 959 3857 a
1003 3795 1358 3857 Mabillonio
1393 3804 1536 3857 tom.
1573 3800 1628 3856 1.
1660 3795 1867 3857 Itiner.
1915 3798 2034 3858 Ita-

491 3888 611 3949 lic-i.

615 3986 705 4042 ¹4.
734 3981 1005 4043 Secundo
1028 4027 1045 4053 ,
1081 3981 1421 4044 Walfridus
1446 3982 1662 4044 Strabo
1688 4002 1817 4063 cap.
1849 3988 1947 4044 22.
1974 4001 2037 4045 se

493 4168 911 4249 Praefationem
949 4170 1185 4229 actionis
1212 4218 1226 4239 ,
1260 4188 1412 4249 ‘qaas
1452 4170 1666 4250 Populi
1705 4170 1931 4253 affectas
1961 4171 2038 4232 ad

490 4267 809 4344 gratiarnm
841 4266 1080 4325 actiones
1108 4266 1383 4325 incitatur
1410 4312 1424 4333 ,
1450 4284 1516 4325 ac
1537 4266 1731 4325 deinde
1762 4266 2038 4327 humanae

438 4450 450 4462 '
493 4456 647 4512 mitti
664 4453 976 4532 deposcitur
999 4500 1014 4523 ,
1043 4455 1170 4530 qais
1200 4455 1421 4532 primus
1454 4454 1799 4514 ordinaverit
1826 4502 1841 4525 ,
1884 4456 2038 4515 nobis

492 4548 744 4624 ignotam
776 4555 875 4605 est.
910 4545 980 4605 In
1011 4543 1169 4606 libro
1200 4542 1534 4606 pontificali
1580 4545 1868 4608 tribuitur
1894 4547 2042 4609 baec

493 4640 702 4701 Oratio
720 4640 782 4700 S.
810 4637 1049 4700 Gelasio
1076 4639 1125 4699 Ι.
1163 4638 1311 4699 Fecit
1340 4622 1836 4700 sacramentorum
1860 4642 2039 4704 Prae-

495 4735 729 4812 faliones
752 4743 803 4792 et
827 4731 1126 4793 Orationes
1154 4743 1318 4794 caulo
1337 4753 1599 4792 semona.
1633 4733 1817 4806 Quod·
1845 4743 2042 4797 tamen

497 4828 806 4889 Gavantus
827 4873 844 4901 ,
875 4826 1210 4888 Cardinalis
1232 4824 1399 4889 Bona
1421 4872 1438 4900 ,
1470 4828 1734 4888 Meratus
1758 4873 1775 4901 ‚
1819 4828 2046 4909 aliique

499 4922 765 4983 melioris
811 4930 987 4983 notae
1034 4921 1164 4981 Viri
1214 4921 1369 4982 docti
1418 4921 1503 4982 ita
1542 4921 1890 5004 intelligunt
1914 4970 1931 4997 ,
1978 4933 2048 4987 ut

497 5017 785 5096 quasdam
818 5015 1063 5095 quidem
1097 5034 1302 5084 earum
1335 5015 1773 5095 composuerit,
1805 5036 1926 5078 non
1956 5027 2047 5080 ta-

499 5129 639 5170 men
671 5110 902 5189 primus
926 5108 1082 5170 hanc
1108 5100 1453 5168 Orationem
1484 5108 1547 5169 in
1577 5107 1819 5171 Missam
1858 5110 2048 5173 intro-

500 5203 784 5277 duxerit3
825 5204 953 5286 ejus
981 5201 1142 5263 enim
1179 5201 1412 5263 vmentio
1456 5201 1526 5262 fit
1558 5202 1623 5262 in
1666 5203 1940 5286 Liturgia
1982 5206 2043 5268 S.

503 5298 708 5360 Jacobi
734 5343 750 5370 ,
793 5306 851 5358 et
883 5296 946 5357 in
968 5296 1250 5376 operibus
1289 5297 1349 5355 S.
1381 5296 1666 5378 Cypriani
1694 5343 1711 5370 ,
1740 5308 1801 5358 et
1840 5298 1901 5389 S.
1931 5300 2048 5389 Cy-

508 5390 657 5463 rilli,
681 5389 786 5470 qui
804 5389 865 5451 S.
902 5387 1138 5450 Gelasio
1169 5397 1306 5449 sunt
1334 5388 1724 5469 antiquiores:
1753 5395 2046 5471 quamob-

505 5506 633 5549 rem
678 5486 847 5547 docet
878 5482 1271 5547 Praefationis
1298 5483 1744 5564 'institutionem
1770 5487 1864 5549 vel
1893 5488 2045 5553 San-

2130 2949 2391 3012 distinct.
2425 2955 2522 3010 70.
2543 2951 2630 3011 De
2661 2949 2773 3010 hac
2807 2947 3033 3029 Pelagii
3051 2949 3130 3009 11.
3160 2945 3446 3027 Epistola,
3477 2946 3688 3027 genui-

2131 3063 2291 3106 nane
2319 3044 2426 3106 illa
2444 3044 2522 3106 sit
2542 3063 2620 3105 an
2638 3042 2865 3123 spuria,
2899 3042 3284 3106 vehementer
3305 3037 3542 3103 dubitat
3570 3041 3675 3103 Pa-

2131 3138 2266 3220 gius
2288 3137 2355 3199 in
2379 3137 2740 3220 vitaPelagii
2766 3138 2845 3199 11.
2885 3157 2947 3200 ιι.
2969 3142 3061 3198 17.
3087 3144 3148 3199 et
3171 3146 3311 3199 ante
3335 3155 3475 3198 eum
3495 3134 3675 3197 dubi-

2133 3241 2363 3296 taverat
2393 3233 2574 3294 etiam
2600 3232 2776 3294 Card.
2803 3233 2968 3294 Bona
2989 3232 3095 3293 lib.
3128 3236 3186 3292 2.
3214 3233 3352 3294 Rer.
3385 3231 3672 3313 Liturgic.

2134 3346 2265 3407 cap.
2310 3331 2402 3388 10.
2444 3347 2503 3387 ιι.
2557 3332 2614 3387 3.
2664 3326 2886 3389 Causas
2916 3325 3233 3388 dubitandi
3270 3325 3321 3387 si
3360 3325 3498 3406 quis
3528 3326 3681 3388 scire

2133 3419 2377 3500 cupiat,
2406 3419 2582 3481 adeat
2606 3419 2743 3481 illos
2774 3419 3059 3481 Auctores
3085 3418 3196 3481 loc.
3233 3419 3334 3480 cit.
3380 3426 3442 3480 et
3480 3420 3678 3481 Mera-

2136 3522 2272 3575 tum
2303 3518 2445 3575 to'm.
2483 3518 2537 3574 1.
2571 3533 2703 3594 par.
2746 3519 2798 3573 1.
2832 3516 3140 3595 pag-230.
3174 3533 3237 3575 ιι.
3271 3519 3329 3575 6.
3363 3513 3523 3575 Illud
3547 3533 3677 3576 cer-

2139 3607 2438 3669 tissimum
2464 3617 2552 3670 est
2573 3652 2590 3681 ‚
2622 3607 2688 3668 in
2718 3607 3061 3669 Missalibus
3085 3615 3219 3687 post
3243 3628 3474 3670 annum
3507 3614 3681 3670 1200.

2140 3701 2317 3764 editis
2347 3721 2562 3764 novem
2589 3701 2725 3763 illas
2754 3702 3049 3765 duntaxat
3082 3702 3491 3765 Praefationes
3514 3720 3683 3784 repe-

2141 3794 2275 3866 riri,
2300 3814 2450 3874 quas
2471 3803 2735 3857 recenset
2762 3796 3079 3856 Decretum
3100 3794 3325 3878 Pelagii
3355 3796 3435 3857 11.
3464 3784 3686 3877 quibus

2141 3888 2357 3950 deinde
2385 3888 2590 3951 addita
2615 3895 2705 3953 est
2721 3888 3020 3950 Praefatio
3041 3891 3397 3964 communis,
3418 3911 3577 3971 quae
3590 3911 3688 3953 ve·

2143 3981 2470 4044 tustissima
2494 3990 2624 4055 est,
2659 3990 2719 4044 et
2748 3982 2985 4044 Gelasio
3027 3982 3130 4044 vel'
3151 3984 3440 4066 Gregorio
3466 3986 3689 4068 Magno

2143 4075 2434 4137 tribuitur
2459 4121 2476 4150 ‚
2513 4084 2575 4138 et
2607 4075 2907 4143 Praefatio
2935 4077 3011 4139 de
3045 4080 3114 4139 B.
3158 4078 3412 4161 Virgine
3444 4079 3550 4141 ubi
3583 4099 3687 4141 su-

2142 4189 2254 4251 pra
2281 4169 2491 4243 relata3
2508 4171 2592 4240 ita
2607 4179 2677 4232 ut
2689 4171 2968 4234 undecim
2989 4172 3111 4235 sint
3135 4173 3539 4236 Praefationes
3563 4193 3689 4234 om-

2144 4285 2252 4327 nes
2272 4310 2289 4337 ,
2335 4265 2559 4345 quibus
2599 4265 2793 4327 utitur
2834 4269 3104 4329 Romana
3148 4266 3429 4330 Ecclesia.
3477 4267 3689 4348 Graeci

2142 4380 2331 4423 unam
2365 4368 2599 4422 tantum
2626 4360 3065 4424 Praefationem
3095 4361 3160 4422 in
3188 4360 3470 4424 omnibus
3495 4361 3693 4425 Missis

2146 4453 2456 4516 adhibent.
2490 4454 2834 4516 Mozarabes
2863 4454 3268 4517 praefationes
3292 4454 3519 4521 habent
3548 4475 3691 4538 pro-

2143 4548 2308 4631 prias
2322 4593 2339 4621 ,
2366 4547 2431 4608 in
2457 4548 2681 4628 quibus
2709 4547 2807 4610 vel
2837 4548 3197 4611 Festivitatis
3212 4595 3229 4622 ,
3249 4568 3407 4631 quae
3430 4550 3692 4613 celebra-

2148 4650 2249 4705 tur
2269 4689 2286 4716 ,
2324 4642 2681 4725 Mysterium
2703 4689 2722 4717 ‚
2754 4642 2851 4706 vel
2884 4644 3054 4724 cujus
3069 4643 3279 4705 ‘Sancti
3307 4644 3372 4705 in
3398 4643 3690 4707 honorem

2147 4736 2493 4811 solemnitas
2504 4736 2726 4819 agitur,
2745 4737 2958 4800 merita
2969 4734 3535 4803 commemorantur.
3556 4740 3695 4802 Plu-

2151 4830 2340 4893 rimae
2372 4830 2777 4893 Praefationes
2804 4839 2945 4906 sunt
2976 4833 3041 4894 in
3075 4834 3218 4896 Ritu
3248 4835 3647 4897 Ambrosiano
3672 4880 3692 4909 ,

2150 4925 2275 4986 suis
2315 4925 2660 5006 quibusque
2698 4927 3144 4990 Foetivitatibus
3169 4975 3186 5002 ,
3241 4929 3609 5008 temporibus
3639 4939 3702 4994 et

2151 5019 2383 5082 Sanctis
2402 5020 2584 5102 primi
2615 5020 2860 5082 Ordinis
2880 5022 3177 5101 propriae.
3211 5023 3337 5085 Has
3362 5022 3700 5104 recognosci

2152 5122 2214 5175 et
2240 5114 2547 5176 emendari
2572 5114 2752 5196 jussit
2775 5115 2837 5175 S.
2872 5114 3121 5177 Carolus
3142 5118 3537 5179 Borromaeus
3559 5117 3697 5180 Car·

2113 5273 2123 5282 ,
2155 5207 2376 5270 dinalis
2396 5217 2456 5271 et
2475 5209 2801 5290 Episcopus
2819 5210 3300 5284 Mediolanensis,
3331 5212 3437 5291 qui
3467 5212 3544 5274 ad
3564 5232 3700 5274 eam

2155 5320 2285 5363 rem
2318 5301 2605 5363 Galesinii
2646 5302 3028 5383 aliorumque
3070 5304 3381 5366 doctorum
3428 5304 3700 5366 virorum

2155 5414 2398 5476 operam
2412 5394 2709 5457 adhibuit.
2734 5396 2986 5458 Easdem
3005 5397 3349 5459 emendavit
3368 5397 3549 5459 etiam
3567 5398 3703 5460 Fri-

2154 5489 2388 5557 dericus
2414 5490 2750 5554 Cardinalis
2776 5492 3171 5554 Borromaeus
3199 5492 3261 5557 S.
3299 5491 3498 5557 Caroli
3525 5512 3708 5575 agna-
