4487 6316
474 3072 642 3120 infirmo
677 3088 761 3118 uon
891 3109 906 3123 .
1197 3108 1209 3121 .
1274 3109 1286 3122 .
1738 3106 1750 3119 .
1964 3107 1975 3119 .
2270 3106 2283 3121 .

473 3145 606 3196 pum·
672 3136 762 3178 a..-
801 3130 907 3193 qui
950 3108 1393 3174 Eucharistnam
1432 3107 1546 3184 sub
1594 3127 1791 3187 specie
1836 3126 2012 3187 panis
2054 3107 2358 3190 deglutire

531 3193 723 3236 eborini·

475 3251 660 3309 lneberi
692 3252 769 3294 nul»

477 3312 613 3366 specie
648 3309 716 3351 vin

476 3366 767 3422 ticamdeglu-

476 3427 554 3467 tire
572 3438 654 3467 non
672 3439 769 3482 po·-

475 3482 618 3599 32321’
633 3483 768 3542 Ῥω*
806 3489 1235 3552 noX1.hahito
1256 3507 1401 3550 ann.
1427 3492 1565 3547 675.
1593 3485 1955 3550 sententiam
1977 3505 2149 3547 suam
2179 3484 2358 3547 fulci-

1766 501 1850 553 DF:
1890 496 2394 554 SACROSANCTO‘
2415 499 2631 551 MISSAE
2649 550 2652 553 ,
2667 499 3045 555 sacen-'lem

802 651 981 727 serm,
1015 651 1118 725 qui
1140 646 1319 707 morbi
1366 647 1646 724 qravt'tate
1686 647 1958 727 impediti·
1975 656 2097 707 eam
2144 664 2359 706 mutere
2409 652 2414 721 ξ
2471 642 2850 706 Eucharistia
2879 645 2993 706 suh
3027 653 3286 727 utraque
3316 645 3555 726 supecie
3584 654 3877 708 sumatur.
3929 646 4017 708 lta

803 765 917 804 non
941 753 1206 823 possunt,
1249 743 1341 801 sed
1366 743 1736 802 venerationis
1779 743 1973 819 qratia
2018 742 2193 800 solent
2234 758 2358 800 eam
2408 729 2414 803 Ι
2466 738 2828 818 respondent
2869 741 3089 802 Suarez
3131 741 3196 807 in
3228 748 3285 801 3.
3328 761 3459 821 par.
3514 749 3655 801 tom.
3691 747 3748 801 3.
3787 740 4009 821 disput.

802 840 1144 899 daoewlari.
1181 836 1262 897 Et
1284 839 1336 895 si
1356 836 1498 912 forte
1527 830 1723 913 aliquo
1748 836 1809 894 in
1835 836 1951 894 loco
1974 836 2107 894 talis
2130 845 2208 899 ent
2232 854 2360 893 con-
2408 810 2414 859 ¹
2461 836 2564 893 .71.
2598 842 2737 894 sect.
2777 839 2833 894 3.
2876 833 3034 896 circa
3071 832 3185 905 fin.
3234 835 3575 897 Cardinalis
3598 835 3672 896 de
3701 836 3870 916 Lugo
3901 837 4015 896 Re-

800 934 1055 1004 memdo,
1102 946 1164 992 ea
1190 950 1421 1010 prorsus
1463 940 1540 989 est
1573 930 1851 999 mnemia,
1886 931 2034 1007 quod
2075 928 2220 988 Pius
2286 929 2348 988 V.

2465 946 2665 1006 spons,
2702 928 2914 989 moral.
2955 929 3062 990 lib.
3112 935 3170 990 2.
3209 930 3357 992 dub.
3410 934 3711 992 10.-num.
3758 936 3818 990 2.
3865 938 3923 1005 et
3950 936 4009 990 8.

796 1026 1117 1107 prohibuit.
1152 1025 1391 1098 Quibus
1412 1034 1613 1085 autem
1641 1023 1980 1086 rationibus
2004 1023 2065 1084 id
2090 1015 2351 1085 vetitum
2407 1065 2413 1144 Ι
2467 1021 2795 1083 Clericatus
2820 1023 2998 1085 decis·
3033 1029 3123 1085 114.
3157 1044 3276 1087 cas·
3303 1030 3361 1084 2.
3389 1045 3561 1085 num.
3594 1030 3685 1085 16.
3711 1037 3768 1085 et
3791 1045 3918 1104 seq.
3941 1025 4017 1101 de

805 1120 1010 1193 fuerit,
1045 1140 1116 1181 ea
1145 1120 1463 1180 videantur
1481 1119 1643 1199 apud
1670 1118 2054 1201 Cardinalem
2087 1119 2162 1181 de
2186 1118 2355 1199 Lugo
2407 1150 2412 1185 ι
2465 1115 2731 1189 Sacram.
2765 1119 3024 1180 Euchar.
3057 1120 3178 1187 Pax
3205 1120 3507 1186 Jordanus
3537 1128 3680 1182 tom.
3718 1124 3774 1182 1.
3809 1121 3917 1182 lib.
3953 1126 4011 1197 3.

803 1218 1087 1296 Respons.
1114 1214 1328 1276 Moral.
1351 1214 1458 1274 lib.
1490 1220 1542 1275 1.
1564 1214 1711 1275 dub.
1746 1214 1971 1294 11.·qui
1997 1214 2149 1277 illud
2169 1213 2354 1274 etiam
2381 1188 2412 1291 ,Ι
2469 1211 2558 1273 tit.
2590 1217 2647 1273 3.
2670 1232 2837 1272 num.
2873 1218 2970 1274 34.
2999 1215 3326 1287 monet‚in
3348 1214 3641 1297 ejusmodi
3672 1235 3811 1276 casu
3846 1236 4014 1295 posse

805 1319 1045 1382 monet,
1078 1310 1142 1371 in
1191 1308 1451 1371 Ecclesia
1502 1308 1716 1370 Latina
1764 1308 1960 1376 Laicis
2003 1328 2123 1369 non
2168 1308 2353 1370 licere

799 1405 1079 1469 Sanctam
1121 1404 1562 1469 Eucharistiam
1595 1412 1859 1485 tangere,
1898 1403 2014 1465 nisi
2057 1404 2266 1493 lingua
2294 1413 2355 1465 et

791 1520 900 1562 ore
918 1500 1063 1562 dum
1085 1520 1220 1562 eam
1246 1500 1583 1580 suscipiunt
1599 1518 1993 1579 parmamque
2022 1508 2081 1560 et
2108 1501 2353 1561 inanem

799 1593 1064 1674 appellat
1096 1614 1233 1654 cum
1262 1594 1322 1653 S.
1351 1596 1777 1661 Bouaventura
1825 1595 2208 1672 quorundam
2249 1594 2355 1655 Sa-

795 1688 1103 1750 cerdotum
1132 1686 1550 1764 devotionem,
1581 1687 1687 1767 qui
1716 1695 1846 1766 post
1886 1687 2352 1753 consecrationis

798 1784 985 1844 verba
1011 1782 1213 1844 statim
1246 1783 1529 1855 Sanctam,
1554 1781 1993 1842 Euclnaristiam
2043 1782 2351 1849 deoscula-

803 1878 1070 1951 bantuu,
1109 1877 1287 1957 eique
1313 1885 1449 1957 post
1483 1876 1879 1937 elevationem
1926 1877 2143 1937 iterum
2179 1897 2352 1939 oscu-

799 1972 929 2035 lum
963 1972 1211 2046 dabant,
1243 1980 1311 2033 ut
1356 1971 1563 2032 videre
1606 1979 1696 2033 est
1731 1971 1893 2051 apud
1928 1972 2143 2032 Tbiers
2175 1981 2345 2035 tract.

796 2069 875 2130 de
895 2066 1196 2148 superstit.
1228 2074 1370 2128 tom.
1405 2072 1457 2127 1.
1487 2058 1618 2145 cap.
1647 2071 1706 2128 2.
1736 2068 1966 2128 n.5.'1n
1987 2066 2353 2146 quibusdam

799 2173 1002 2226 tamen
1044 2160 1341 2231 Ecclesiae
1374 2160 1649 2242 Belgicae
1701 2160 2046 2222 Ritualibus
2084 2163 2354 2223 admitti-

800 2267 933 2331 tur,
964 2277 1083 2318 non
1112 2257 1360 2338 quidem
1387 2264 1456 2317 ut
1491 2255 1569 2317 ad
1591 2275 1731 2316 eum
1776 2255 2081 2317 viaticum
2125 2256 2355 2319 defera-

803 2361 904 2414 tur
926 2352 1351 2423 adorandum,
1389 2370 1571 2431 quem
1599 2358 1829 2412 constat
1855 2350 2005 2411 illud
2035 2372 2157 2412 non
2187 2372 2357 2433 posse

798 2447 1120 2528 suscipere,
1149 2447 1249 2509 sed
1278 2448 1358 2509 ad
1385 2454 1721 2528 aegrotum,
1750 2446 1858 2526 qui
1899 2446 1948 2506 si
1979 2446 2135 2508 forte
2182 2466 2356 2527 repe-

800 2543 997 2606 riatur
1039 2562 1160 2603 non
1188 2560 1357 2622 posse
1382 2541 1837 2607 Sacramentum
1863 2534 2162 2621 suscipere
2178 2586 2194 2614 ,
2226 2560 2357 2620 pos-

801 2638 882 2700 sit
922 2638 1225 2701 Parochus
1247 2637 1542 2720 Pyxidem
1572 2636 1813 2717 aperire
1833 2681 1849 2709 ,
1881 2647 2066 2717 atque
2096 2635 2189 2696 illi
2234 2636 2355 2698 Eu-

798 2733 1148 2809 charistiam
1169 2732 1503 2803 ostendere,
1537 2748 1725 2811 quam
1760 2750 1938 2813 aeger
1965 2730 2195 2804 adoret,
2232 2750 2358 2793 non

804 2826 1005 2890 tamen
1033 2826 1443 2888 deosculetur:
1477 2824 1529 2884 V
1532 2845 1621 2911 an
1647 2826 1846 2906 Espen
1872 2826 2005 2889 Jur.
2032 2824 2194 2901 Ecel.
2216 2845 2352 2906 par.

804 2926 866 2983 2.
899 2921 991 2983 tit.
1019 2924 1079 2981 4.
1116 2940 1246 2999 cap.
1280 2925 1336 2981 t.
1370 2938 1540 2979 num.
1582 2922 1674 2979 14.
1729 2964 1737 2975 .
1811 2930 1817 2937 “
2313 2916 2316 2919 ’

927 3020 987 3076 6.
1020 3014 1184 3076 Alias
1214 3021 1347 3076 orta
1373 3022 1462 3075 est
1491 3012 1791 3081 dubitatio
1825 3032 1904 3073 an
1941 3012 2308 3075 moribundo
2332 3059 2350 3086 ‚

808 3225 931 3267 non
969 3212 1194 3286 posset,
1243 3202 1449 3268 liceret
1494 3222 1627 3264 eam
1673 3202 1962 3282 praebere
2005 3203 2133 3272 sub·
2160 3201 2360 3281 specie

719 3311 763 3364 i,
808 3298 939 3364 vini
965 3345 982 3373 ,
1032 3298 1138 3366 s'eu
1187 3298 1303 3370 sub
1344 3296 1545 3377 specie
1600 3295 1773 3376 panis
1817 3295 1963 3357 vino
2013 3304 2358 3360 consecrato

807 3394 1068 3469 intincti;
1089 3393 1195 3475 qui
1224 3393 1621 3474 respondebat
1641 3390 1844 3463 licere,
1863 3391 2090 3453 Concil.
2122 3390 2359 3453 Toleta-

811 3605 880 3648 re
907 3592 1176 3665 poterat3
1204 3602 1277 3646 ea
1305 3581 1468 3644 enim
1497 3581 1775 3663 Synodus
1802 3600 1935 3642 can.
1975 3571 2071 3641 11.
2106 3580 2356 3653 statuit,

807 3681 861 3743 si
889 3699 1066 3762 aeger
1094 3697 1326 3741 sacram
1357 3696 1478 3739 non
1512 3675 1698 3757 pofflt
1722 3669 2079 3756 particulam
2107 3674 2363 3757 degluti-

811 3795 900 3848 re,
924 3783 992 3836 ut
1004 3774 1058 3835 ei
1082 3773 1438 3855 praebeatur
1453 3771 1835 3834 Eucharistia
1854 3771 1969 3831 sub
1988 3771 2183 3851 specie
2202 3769 2358 3831 vini:

809 3878 955 3932 sunt
981 3869 1164 3932 etiam
1192 3867 1315 3930 alia
1345 3875 1737 3933 monumenta
1765 3865 2216 3934 Ecclesiasticae
2246 3865 2361 3927 Hi-

810 3965 1034 4028 storiae
1057 3985 1075 4038 ;
1102 3981 1181 4026 ex
1208 3962 1433 4044 quibus
1464 3961 1824 4043 intelligitur
1848 4006 1866 4034 ,
1888 3961 2360 4026 ,Eucharistiam

811 4060 1151 4124 exhibitam
1175 4058 1360 4121 fuisse
1397 4057 1513 4122 sub
1541 4056 1737 4137 specie
1762 4054 1937 4136 panis
1979 4055 2125 4117 vino
2155 4073 2363 4117 conse—

811 4163 979 4218 crato
1008 4152 1243 4216 intincti
1261 4198 1278 4226 ‚
1307 4160 1378 4213 ut
1408 4150 1731 4213 ostendunt
1760 4151 2031 4210 Man-tene
2059 4147 2170 4212 lib.
2203 4147 2366 4210 1.’de

810 4270 964 4313 sacr.
1003 4249 1163 4311 Eecl.
1202 4245 1442 4309 Ritihus
1470 4264 1601 4325 cap.
1650 4249 1708 4305 4.
1739 4251 1857 4305 art.
1894 4248 1987 4303 10.
2041 4262 2209 4320 num.
2265 4247 2360 4303 13.

816 4343 995 4412 Card.
1023 4345 1189 4404 Bona
1209 4340 1320 4401 lib.
1348 4345 1406 4400 2.
1435 4359 1555 4401 rer.
1584 4336 1873 4419 Liturgic.
1901 4356 2032 4417 cap.
2066 4341 2160 4397 18.
2190 4355 2359 4397 num.

816 4444 875 4500 3.
906 4446 967 4499 et
995 4435 1385 4499 Mabillonius
1419 4438 1474 4493 1.
1515 4432 1768 4512 praefat.
1802 4431 1867 4492 in
1903 4428 2211 4492 saeculum
2245 4430 2359 4491 111.

816 4533 1067 4596 Ordinis
1087 4529 1455 4593 Benedictini
1481 4548 1649 4589 num.
1677 4533 1773 4588 75.
1806 4527 2109 4587 observat.
2132 4530 2226 4586 10.
2247 4526 2366 4586 Ve-

819 4649 895 4704 ra
919 4637 1119 4690 tamen
1145 4624 1352 4707 opinio
1376 4633 1471 4686 est
1489 4669 1506 4697 ,
1541 4622 1603 4684 id
1630 4621 1762 4683 fieri
1781 4640 1916 4706 'non
1944 4639 2114 4700 posse
2141 4640 2156 4680 ε
2189 4640 2366 4700 prae-

819 4732 1057 4804 ceptum
1078 4721 1243 4783 enim
1262 4717 1621 4801 suscipiendi
1644 4716 1947 4778 Viaticum
1970 4735 2090 4776 non
2111 4715 2363 4797 obligat,

815 4840 957 4882 cum
984 4817 1136 4879 illud
1160 4816 1447 4897 gravibus
1469 4816 1544 4877 de
1568 4813 1764 4895 causis
1782 4814 1863 4874 ab
1890 4811 2154 4877 Ecclesia
2183 4832 2366 4894 nega-

822 4922 957 4975 tur:
979 4919 1351 4992 compertum
1369 4917 1573 4972 autem
1597 4917 1685 4969 est
1708 4906 2032 4968 Ecclesiam
2056 4925 2232 4967 usum
2254 4902 2367 4968 Ca-

822 5008 955 5072 licis
989 5007 1183 5070 Laicis
1224 5014 1286 5067 et
1310 5003 1730 5067 Sacerdotibus
1773 5001 2015 5063 Missam
2063 5020 2184 5062 non
2213 4999 2368 5061 cele-

726 5113 731 5116 ’
822 5104 1144 5170 brantibus
1171 5099 1578 5182 prohibuisse,
1614 5117 1733 5182 non
1763 5096 1939 5162 modo
1962 5104 2206 5176 propter
2228 5095 2366 5176 plu-

819 5185 918 5265 res
958 5195 1385 5263 irreverentiae
1407 5239 1424 5267 ‚
1467 5213 1623 5273 quae
1665 5192 1991 5256 identidem
2033 5192 2368 5253 committe-

819 5298 1068 5370 bantur,
1092 5295 1194 5357 sed
1215 5292 1399 5354 etiam
1421 5299 1663 5370 propter
1686 5287 1980 5359 haeresim
2004 5308 2238 5360 eorum,
2261 5286 2367 5367 qui

818 5389 1190 5473 garriebant,
1221 5388 1335 5448 sub
1356 5384 1551 5465 specie
1572 5383 1743 5464 panis
1765 5403 1885 5443 non
1906 5383 2205 5452 ‘contineri
2229 5383 2371 5443 Cor-

2467 1305 2832 1367 moribundo
2863 1326 3094 1389 sacram
3136 1308 3411 1370 exhiberi
3450 1309 3814 1388 particulam
3856 1330 4016 1390 aqua

2465 1400 2561 1462 vel
2589 1401 2734 1467 vino
2761 1421 2883 1464 non
2911 1413 3254 1469 consecrato
3282 1403 3633 1478 intinctam,
3665 1414 3734 1466 ut
3753 1424 3886 1466 eam
3916 1425 4017 1467 ae-

2463 1496 2775 1575 gerpossit
2800 1496 3128 1577 deglutire,
3159 1497 3261 1569 lex
3279 1498 3443 1559 enim
3464 1498 3539 1560 de
3568 1499 3830 1576 naturali
3856 1501 4016 1582 Jeju-

2463 1590 2567 1651 nio
2597 1591 2893 1661 servando
2922 1611 3061 1653 eum
3097 1612 3222 1653 non
3241 1593 3479 1673 obligat
3505 1639 3522 1667 ,
3560 1595 3668 1675 qui
3713 1595 4017 1659 viaticum

2462 1686 2666 1746 sumit.
2704 1686 2824 1746 Nec
2854 1706 2998 1748 sane
3025 1687 3102 1748 ad
3133 1687 3315 1769 hujus
3345 1690 3623 1750 Auctoris
3656 1689 4015 1752 sententiam

2457 1778 2939 1847 confirmandam
2961 1780 3182 1854 *desunt
3205 1802 3286 1842 ex
3308 1772 3720 1845 Eeclesiastica
3748 1783 4019 1847 Historia

2461 1881 2838 1953 argumenta.
2874 1874 3173 1936 Eusebius
3199 1875 3368 1936 enim
3405 1876 3515 1937 lib.
3558 1883 3615 1937 6.
3655 1878 4011 1941 ΕωΙ.«·Ηί81.

2461 1988 2592 2047 cap.
2625 1972 2723 2029 M.
2757 1977 3008 2043 narrat,
3040 1970 3428 2051 Serapionem
3459 1974 3781 2051 quemdam
3813 1974 4017 2041 deere-

2462 2061 2588 2141 pita
2609 2070 2804 2124 aetate
2821 2082 3021 2124 senem
3047 2063 3111 2124 in
3134 2064 3346 2127 limine
3369 2065 3578 2144 mortis
3598 2068 4012 2142 constitutum,

2462 2175 2718 2235 puerum
2746 2156 2974 2223 misisse
2995 2158 3375 2221 Sacerdotem
3398 2160 3774 2235 accersitum,
3805 2161 3912 2242 qui
3941 2162 4017 2222 si-

2463 2249 2526 2311 hi
2552 2251 2995 2314 Eucharistiam
3018 2254 3283 2329 afferren
3309 2254 3484 2316 illum
3508 2264 3711 2317 autem
3733 2256 4020 2328 Sacerdo-

2465 2352 2584 2406 tem
2602 2392 2618 2418 ,
2645 2346 2807 2425 quod
2829 2349 3209 2428 aegritudine
3233 2350 3625 2431 impediretur
3643 2399 3659 2425 ‚
3684 2372 3874 2432 puero
3895 2354 4017 2413 Eu-

2462 2440 2810 2505 charistiam
2837 2443 3172 2516 tradidisse,
3203 2444 3752 2525 eiquejimperasse,
3771 2455 4018 2527 utaqua

2466 2536 2860 2607 madefactam
2895 2537 2961 2597 in
2990 2556 3057 2598 os
3085 2538 3249 2620 aegri
3284 2538 3554 2620 injiceret
3585 2560 3603 2600 ε
3637 2538 3709 2599 In
3732 2561 3892 2619 aqua
3927 2544 4022 2599 in-

2467 2632 2702 2691 tinctam
2722 2633 2843 2711 seni
2872 2633 2936 2692 in
2964 2651 3021 2691 οε
3053 2633 3363 2693 instillaret
3391 2681 3408 2703 ‚
3438 2654 3554 2711 qua
3584 2636 3683 2695 ille
3709 2636 4022 2714 paullatim

2465 2728 2691 2789 absorta
2710 2775 2726 2798 ,
2751 2729 3017 2788 continuo
3039 2730 3295 2789 animam
3323 2731 3643 2791 extmtavic:
3666 2731 3851 2791 verba
3880 2739 4024 2800 sunt

2469 2822 2711 2885 Eusebii
2749 2843 2825 2884 ex
2852 2823 3128 2884 versione
3170 2824 3398 2890 valesii
3429 2871 3447 2897 ,
3491 2834 3553 2887 et
3591 2826 3653 2886 S.
3702 2825 4019 2897 Uldaricus

2469 2914 2579 2977 lib.
2612 2922 2680 3003 3.Γ
2702 2916 3624 2997 antiquarumconsuetudinum
3660 2919 4017 2982 Cluniacen-

2468 3010 2625 3071 sium
2656 3031 2785 3091 cap.
2821 3016 2920 3072 28.
2954 3016 3190 3087 tom.,4.
3224 3013 3526 3099 Spicilegii
3561 3023 3845 3089 testatur,
3875 3035 4018 3076 con-

2469 3105 2731 3170 suevisse
2757 3105 3070 3169 Monachis
3116 3098 3378 3170 infirmis
3410 3110 3688 3191 praeberi
3726 3110 4020 3174 Euchari-

2469 3198 2647 3261 stiam
2676 3201 2791 3261 sub
2811 3200 3007 3281 specie
3033 3201 3209 3282 panis
3234 3203 3379 3265 vino
3405 3223 3530 3265 non
3551 3199 3894 3278 consecrato
3924 3205 4019 3268 in-

2472 3293 2663 3374 tincti.

2971 3552 2976 3556 .
3017 3484 3270 3550 CAPUT
3323 3485 3465 3548 XX.

2512 3671 2517 3680 ’
2606 3673 2749 3737 Atia
2769 3694 2913 3755 quaa
2941 3678 3006 3734 in
3029 3695 3195 3740 sacra
3221 3676 3599 3754 Eucharistia
3626 3676 3904 3752 adriani-‚-

2551 3791 2552 3798 ¹
2850 3770 3090 3831 stranda
3115 3770 3400 3831 observari
3424 3771 3637 3831 deberit.
3751 3803 3754 3808 ·

2479 3960 2534 4015 1.
2577 3901 2801 4017 Plura
2818 3955 2943 4028 alia
2955 3939 3100 4024 sunt
3116 3935 3269 4018 scitu
3288 3957 3493 4039 digna,
3514 3927 3672 4039 quae
3692 3959 3769 4021 ad
3789 3979 4022 4029 sacram

2474 4049 2916 4123 Eucharistiam
2929 4050 3233 4130 pertinent
3249 4051 3729 4122 ministrandam.
3751 4054 4024 4116 Primum

2474 4154 2564 4212 est
2589 4166 2714 4207 non
2729 4145 2916 4220 licere
2943 4146 3028 4210 aa}
3047 4146 3268 4228 falsam,
3285 4147 3723 4212 confovendam
3751 4149 4018 4214 devotio-

2476 4259 2615 4302 nem
2640 4286 2657 4315 ‚
2701 4241 2822 4312 uni,
2844 4240 2954 4322 vel,
2975 4240 3180 4321 plures
3218 4243 3586 4323 particulas„
3637 4244 3731 4306 vel
3776 4245 4020 4327 umjoris

2478 4335 2704 4396 moduli
2734 4335 3009 4402 Hostiam
3034 4338 3364 4417 praebere:
3398 4338 3670 4419 Episcopi
3694 4387 3710 4410 ,
3741 4339 3992 4408 Par-ochi
4005 4387 4022 4415 ,

2477 4449 2573 4512 sea
2603 4428 2948 4508 confessarii
2973 4434 3202 4512 insuper
3219 4433 3553 4495 adunoneant
3570 4481 3587 4505 ,
3617 4437 3774 4514 nulli
3803 4437 4026 4497 trudm-

2477 4526 2579 4587 das
2607 4526 2797 4606 plures
2825 4527 3230 4588 Eucharistiae
3254 4528 3465 4604 [omas
3491 4577 3507 4600 ,
3534 4549 3633 4590 seu
3653 4533 3973 4608 particulas
4001 4581 4018 4603 ‚

2476 4640 2650 4699 neque
2674 4624 3001 4700 yrandiores
3019 4669 3034 4691 ,
3058 4623 3158 4702 sed,
3174 4634 3495 4686 comnotus.-
3529 4624 3716 4686 verba
3733 4634 3876 4687 sunt
3906 4628 4023 4690 De·

2479 4715 2624 4780 creti
2643 4707 2706 4778 S.
2735 4716 3365 4798 congregat.,Concilii
3389 4718 3465 4779 de
3482 4712 3836 4797 quotidiana
3857 4722 4029 4805 Com-

2480 4809 2768 4871 munione
2794 4856 2811 4884 ,
2856 4811 3019 4890 quod
3041 4810 3410 4891 approbavit
3450 4812 3602 4873 Ven.
3650 4814 3758 4874 Dei
3787 4816 4027 4886 <Servus

2480 4903 2863 4966 Innocentius
2891 4906 3010 4970 XL,
3034 4904 3135 4966 die
3169 4908 3261 4964 12.
3296 4904 3589 4978 Februar.
3634 4911 3812 4973 1679.
3841 4918 4026 4989 atque

2478 5000 2555 5062 ad
2574 5000 2731 5062 hanc
2751 5020 2878 5062 rem
2902 4999 3152 5060 mirifice
3175 4999 3404 5064 faciunt
3425 5002 3610 5062 verba
3631 5002 3892 5065 Canonis
3916 5006 4027 5066 Ubi

2475 5113 2612 5173 pars
2634 5093 2771 5155 dist.
2787 5099 2846 5154 2.
2875 5093 2950 5154 de
2969 5093 3305 5155 Consecrat.
3341 5083 3450 5154 Ubi
3467 5115 3604 5173 pars
3624 5108 3701 5155 cst
3733 5098 4023 5179 Corporis.

2480 5201 2555 5249 ost
2583 5202 2634 5250 et
2659 5201 2855 5250 totum.
2885 5189 3103 5249 Eadem
3128 5191 3278 5250 ratio
3306 5200 3382 5248 est
3411 5193 3475 5254 in
3501 5187 3748 5272 Corpore
3766 5189 4021 5265 Domini,

2479 5305 2623 5364 quaa
2648 5287 2712 5344 in
2740 5283 2970 5344 Munna
2998 5330 3012 5353 ,
3043 5285 3192 5361 quod
3223 5287 3287 5343 in
3314 5284 3432 5361 ejus
3462 5283 3664 5365 fiyuro
3679 5292 3978 5365 peccarit
4008 5339 4022 5361 ,

2482 5382 2546 5442 de
2579 5401 2689 5458 quo
2716 5380 2928 5439 dicitur
2949 5398 2969 5436 .·
3010 5376 3129 5452 Qua·
3149 5381 3279 5459 plus
3312 5380 3607 5456 colleqarat
3639 5429 3655 5450 ,
3675 5391 3801 5442 ‘non
3828 5386 4026 5445 habuit

824 5505 940 5569 pus·
977 5484 1199 5550 Christi
1228 5529 1245 5558 ,
1272 5482 1387 5545 vel
1422 5488 1806 5562 praeceptum
1836 5498 1966 5540 esse
1993 5477 2215 5539 Christi
2242 5523 2260 5551 ‚
2306 5486 2372 5540 ut
2480 5476 2757 5555 αηῳὶιίιες
2782 5493 2955 5552 neque
2976 5475 3078 5552 qui
3104 5476 3289 5534 unicius
3315 5486 3619 5553 pamcerat
3638 5524 3654 5547 ‚
3679 5477 4029 5545 inveniemi-

4056 1239 4193 1278 Pom·
4217 1244 4357 1278 tamen

4059 1294 4246 1350 praa-luri
4276 1296 4358 1337 σιώ

4059 1356 4196 1407 specie
4238 1356 4355 1408 panio

4081 1412 4324 1452 Sacramen-

4060 1475 4149 1509 tum
4245 1481 4356 1535 aqua

4060 1523 4121 1565 vel
4153 1526 4249 1566 viuo
4285 1540 4355 1567 m·

4060 1584 4262 1630 tinctum.

4120 3996 4219 4039 Noa
4261 3995 4362 4040 tzoet

4066 4055 4139 4096 uni
4197 4054 4362 4097 ciden-

4065 4125 4148 4166 que
4161 4126 4363 4168 {nr-unae

4061 4167 4205 4225 plure-
4223 4171 4356 4229 parti·

4062 4226 4195 4281 culae,
4284 4235 4362 4270 aut

4062 4285 4231 4328 ma'orin
4261 4300 4356 4326 mo-

4066 4300 4359 4385 ‹tulino-niam
