4487 6316
1075 505 1180 556 ⁴22
2081 514 2286 568 INDEX
2322 515 2814 575 mnanss'rlcus

1523 659 1803 712 Damnaee‘.
2541 668 2776 732 veniant,
2817 678 2991 739 potest
3016 671 3271 726 Sacerdos
3308 675 3485 727 solum
3511 692 3705 746 corpus
3741 693 3978 744 sumere,
4010 690 4070 735 et

2538 762 2705 806 cetera
2732 759 3004 820 omittere3
3037 761 3138 812 sed
3165 764 3209 814 si
3235 781 3297 816 ex
3322 762 3426 815 hoc
3452 764 3754 829 scandalum
3777 804 3793 831 ,
3820 778 3907 819 sut
3931 768 4071 822 neti-

995 824 1235 875 Damnati
1260 824 1324 876 ad
1345 827 1547 882 inferos
1565 831 1831 902 suffragiis
1848 850 1958 885 non
1978 837 2240 901 jurantur,
2261 854 2434 907 neque
2536 842 2711 906 gionis
2739 853 3074 913 contemptus
3101 848 3230 900 oriri
3262 858 3472 917 potest,
3500 852 3825 904 Sacrificium
3853 864 3933 907 est
3960 873 4082 923 per·

888 909 1135 961 solatium
1162 930 1225 963 ex
1255 917 1452 967 nostris
1479 920 1815 973 orationibus
1843 922 2073 990 capiunt,
2102 925 2139 976 Ι.
2159 924 2210 976 2.
2239 942 2288 976 c.
2308 928 2360 977 9.
2382 946 2434 980 η.
2535 926 2818 980 finiendum
2837 968 2851 992 ,
2880 942 2932 983 et
2956 952 3144 1000 quare,
3173 953 3225 986 n.
3256 936 3344 989 13.

884 997 936 1046 7.
963 997 1192 1050 Ecclesia
1212 1016 1477 1071 nunquam
1501 1023 1600 1075 pro
1622 1007 1880 1061 damnatis
1901 1019 2032 1077 orat,
2060 1028 2114 1062 n.
2143 1014 2195 1064 3.
2216 1025 2432 1084 etseqq.
2641 1016 2698 1066 Si
2739 1021 3223 1074 excommunicatus
3250 1040 3360 1075 non
3389 1026 3638 1082 toleratus
3655 1062 3670 1089 ,
3709 1036 3795 1079 aut
3822 1027 4075 1096 publicus

1518 1128 1778 1190 Defectus
1791 1171 1802 1182 .

2529 1102 2719 1155 Clerici
2747 1122 3029 1172 percursor
3055 1112 3385 1178 superveniat
3408 1129 3576 1181 neque
3603 1131 3666 1165 ex
3688 1116 3924 1167 Ecclesia
3951 1116 4079 1184 ejici

2472 1240 2479 1248 ,
2530 1192 2720 1256 possit,
2756 1202 2881 1245 tunc
2907 1196 2949 1246 si
2978 1197 3219 1249 nondum
3246 1199 3309 1250 ad
3336 1200 3637 1264 Canonem,
3675 1211 3763 1253 aut
3789 1203 3853 1254 ad
3883 1220 4070 1258 conse·

986 1258 1229 1313 Defectus
1257 1263 1508 1332 fervoris,
1538 1275 1626 1318 aut
1648 1270 1953 1323 attentionis
1973 1289 2081 1323 non
2101 1290 2314 1342 semper
2335 1274 2430 1327 ob·
2472 1274 2484 1318 Ι
2525 1280 2814 1333 cretionem
2843 1294 3150 1350 perventum
3183 1287 3278 1349 sit,
3311 1288 3476 1340 Missa
3505 1289 3853 1357 relinquenda
3883 1301 3996 1353 est;
4025 1293 4073 1344 si

879 1353 997 1409 stat,
1016 1350 1306 1415 quominus
1327 1353 1488 1404 Missa
1509 1339 1667 1423 digne
1693 1356 2003 1425 celebretur,
2028 1362 2062 1411 Ι.
2084 1361 2135 1414 3.
2158 1379 2205 1414 c.
2223 1361 2276 1413 2.
2297 1379 2353 1415 n.
2373 1364 2424 1415 3.

2524 1383 2588 1418 eo
2615 1377 2827 1420 ventum
2852 1371 2937 1434 sit,
2965 1373 3321 1425 continuanda
3346 1385 3443 1436 est,
3480 1385 3532 1428 et
3559 1377 3688 1428 sacta
3715 1379 4061 1431 communio-

987 1435 1291 1490 Defectibus
1317 1439 1374 1491 in
1413 1441 1607 1495 Missae
1633 1443 1987 1500 celebratione
2025 1449 2426 1503 occurrentibus
2523 1469 2609 1518 ne,
2649 1456 2909 1525 oeliqnum
2935 1459 3126 1512 Missae
3153 1461 3205 1510 in
3237 1463 3502 1523 Sacristia,
3526 1474 3615 1515 aut
3639 1466 3697 1515 in
3720 1465 3827 1516 alio
3856 1465 4072 1519 decenti

873 1520 1198 1576 sufficienter
1235 1527 1439 1578 occurri
1466 1538 1676 1595 potest,
1716 1540 1901 1584 statuta
1930 1535 2198 1588 Ecclesiae
2218 1535 2421 1590 ·obser-

2523 1540 2645 1593 loco
2673 1544 3086 1597 continuandam
3110 1557 3189 1599 est
3207 1585 3223 1611 ,
3250 1550 3288 1599 1.
3316 1550 3367 1601 3.
3396 1568 3443 1601 c.
3475 1552 3560 1603 14.
3587 1552 4072 1622 n-ilsAliquando

875 1607 1068 1672 vando,
1098 1611 1135 1660 l.
1173 1612 1223 1662 3.
1266 1629 1312 1664 c.
1356 1614 1439 1665 14.
1478 1632 1534 1667 n.
1575 1616 1624 1665 1.
1654 1618 1908 1671 Sacerdos
1945 1622 2192 1688 gravibus
2231 1624 2423 1691 poenis
2520 1629 2682 1680 Missa
2706 1629 3021 1702 interrumpi
3059 1644 3278 1702 potest.
3316 1652 3369 1688 n.
3399 1639 3484 1691 15.
3512 1650 3564 1690 et
3593 1639 3676 1691 16.
3705 1641 3769 1692 V.
3825 1644 4066 1696 Interru-

875 1693 1143 1748 obnoxius
1170 1708 1247 1750 est
1265 1736 1281 1763 ,
1309 1701 1353 1751 si
1381 1711 1623 1770 coeptam
1652 1705 1866 1757 Missam
1896 1707 2271 1762 absolvendam
2301 1713 2423 1765 alte·

873 1784 922 1833 ri
949 1787 1269 1839 committat.
1298 1805 1348 1838 n.
1376 1788 1428 1840 2.
1458 1790 1617 1858 Quod
1638 1792 1682 1843 si
1710 1795 2019 1862 repentinus
2049 1797 2289 1864 morbus,
2318 1802 2418 1865 vel,

872 1888 1021 1923 mors
1048 1883 1164 1926 ante
1192 1877 1648 1931 consecrationem
1675 1885 2043 1948 superveniat,
2069 1902 2180 1936 non
2209 1896 2423 1956 oportet

869 1960 1089 2012 Missam
1122 1962 1185 2012 ab
1214 1964 1319 2015 alio
1349 1965 1635 2019 Sacerdote
1662 1970 1985 2037 continuari,
2007 1989 2061 2022 ιι.
2089 1973 2140 2024 3.
2170 1986 2224 2025 ee
2247 1992 2300 2026 n.
2327 1977 2379 2027 9.

978 2049 1032 2100 Si
1061 2048 1298 2103 defectus
1337 2054 1605 2119 ejusmodi
1636 2065 1763 2124 post
1797 2060 2252 2113 consecrationem
2291 2080 2421 2114 con-

868 2134 1054 2205 tingat,
1082 2139 1244 2189 Missa
1273 2138 1338 2190 ab
1367 2141 1472 2192 alio
1499 2142 1782 2195 Sacerdote
1811 2146 2126 2212 perficiatur.
2157 2150 2212 2200 Si
2242 2150 2420 2202 Sacer·

866 2221 968 2275 dos
997 2224 1241 2276 infirmus
1270 2226 1442 2280 adhuc
1480 2232 1884 2283 communionis
1911 2250 2071 2303 capax
2097 2237 2206 2302 sit,
2248 2254 2418 2307 neque

866 2308 967 2361 alia
995 2310 1131 2361 adsit
1160 2311 1336 2365 hostia
1362 2325 1684 2381 consecrata,
1711 2320 1803 2387 qui
1833 2321 2047 2372 missam
2070 2325 2308 2392 supplet,
2332 2325 2419 2379 de-

865 2394 958 2448 bet
981 2396 1210 2450 bostiam
1242 2399 1502 2467 dividere,
1524 2411 1574 2455 et
1600 2412 1803 2471 partem
1824 2406 1932 2457 sibi
1958 2424 2184 2469 sumere,
2213 2421 2415 2479 partem

867 2481 1085 2536 infirmo
1118 2485 1351 2550 tradere,
1391 2489 1426 2538 l.
1457 2488 1510 2539 3.
1538 2505 1583 2539 c.
1614 2491 1700 2542 14.
1739 2509 1793 2542 η.
1819 2493 1872 2544 4.
1901 2507 1953 2546 et
1980 2496 2029 2546 5.
2060 2495 2138 2547 Ad
2163 2497 2305 2551 bunc
2330 2499 2419 2553 de·

866 2569 1060 2622 fectum
1083 2574 1441 2642 supplendum
1466 2583 1713 2629 tenentur
1733 2580 1911 2647 primo
1939 2583 2246 2637 Sacerdotes
2271 2604 2417 2655 prae·

868 2667 1042 2711 sentes
1065 2696 1080 2724 ,
1109 2659 1305 2714 deinde
1332 2656 1576 2715 absentes
1600 2702 1615 2727 ,
1652 2666 1834 2731 primo
1863 2685 1973 2719 non
2003 2670 2287 2739 impediti,
2327 2674 2416 2727 de-

868 2745 994 2799 inde
1034 2747 1322 2814 impediti;
1358 2767 1520 2817 quare
1549 2751 1803 2804 Sacerdos
1831 2770 1941 2804 non
1979 2757 2191 2823 jejunus
2228 2759 2283 2810 in
2311 2759 2416 2814 hoc

868 2849 989 2883 casu
1018 2842 1193 2901 potest
1218 2837 1433 2887 Missam
1459 2836 1751 2901 absolvere3
1784 2849 1835 2892 et
1858 2842 1954 2910 qui
1982 2859 2091 2893 non
2119 2854 2198 2897 est
2218 2846 2415 2916 ingra-

868 2921 941 2971 tia
963 2958 977 2983 ,
1003 2922 1403 2974 confessarium
1430 2935 1675 2993 quaerat,
1713 2927 1758 2978 si
1789 2944 1901 2980 non
1928 2930 2165 2984 inveniat
2180 2971 2200 2999 ,
2239 2945 2414 2988 actum

869 3009 1216 3060 contritionis
1240 3010 1418 3063 eliciat
1443 3029 1458 3072 ς
1497 3013 1537 3063 si
1570 3023 1817 3066 neutrum
1844 3033 1907 3069 ex
1933 3027 2060 3070 voto
2088 3022 2238 3073 cedat
2261 3059 2276 3086 ,
2304 3041 2415 3078 non

871 3101 1079 3147 tenetur
1114 3097 1330 3149 Missam
1371 3100 1637 3168 supplere.
1679 3102 1733 3152 Si
1771 3104 1950 3156 nullus
1987 3107 2121 3158 alius
2161 3110 2416 3165 Sacerdos

871 3184 1191 3252 reperiatur,
1229 3189 1391 3238 Missa
1415 3204 1529 3239 non
1571 3197 1746 3258 potest
1772 3210 1799 3242 a
1828 3193 1978 3245 laicis
2005 3198 2241 3265 suppleri
2270 3235 2286 3262 ,
2323 3200 2418 3253 sed

870 3271 1272 3339 potiushostia,
1291 3283 1342 3327 et
1361 3276 1496 3326 calix
1517 3276 1572 3326 in
1596 3276 1966 3331 Tabernaculo
1989 3282 2151 3335 condi
2172 3297 2416 3352 possunt,

873 3368 932 3410 ut
957 3368 1171 3429 postero
1196 3360 1282 3413 die
1307 3363 1443 3413 alius
1470 3364 1727 3417 Sacerdos
1746 3403 1762 3430 ,
1790 3366 1885 3435 qui
1904 3369 2123 3421 Missam
2152 3373 2384 3428 celebret
2402 3414 2418 3441 ,

869 3466 927 3501 ea
951 3456 1123 3499 sumat
1147 3457 1265 3500 ante
1292 3449 1621 3503 ablutionem
1640 3489 1655 3515 ,
1695 3470 1750 3504 n.
1776 3455 1829 3506 5.
1858 3466 1910 3506 et
1930 3473 2075 3525 seqq.

978 3536 1032 3587 Si
1072 3536 1306 3587 defectus
1345 3546 1472 3605 post
1525 3541 1983 3596 consecrationem
2023 3545 2317 3615 Corpon‘s,
2367 3559 2422 3603 et

868 3630 987 3673 ante
1031 3622 1287 3690 integram
1340 3624 1699 3690 prolationem
1744 3627 1946 3680 formae
1997 3635 2417 3688 consecrationis

868 3710 1140 3778 sanguinis
1167 3711 1472 3778 contigerit,
1502 3721 1623 3765 tunc
1650 3715 1927 3780 Sacerdos,
1955 3720 2049 3787 qui
2082 3724 2315 3790 supplet,
2335 3740 2420 3776 su-

866 3812 965 3864 per
987 3795 1214 3848 eundem
1244 3798 1479 3850 Calicem
1508 3801 1588 3852 vel
1621 3818 1779 3869 super
1804 3805 1967 3856 alium
1999 3805 2087 3870 iis,
2119 3826 2254 3877 quae
2283 3828 2418 3879 opus

868 3892 1018 3947 sunt,
1058 3884 1373 3935 instructum
1414 3885 1672 3954 integram
1714 3888 1943 3941 formam
1983 3894 2223 3959 proferre
2263 3896 2420 3950 debet

869 3970 1183 4038 incipiendo
1223 3990 1249 4020 a
1288 3970 1464 4023 verbis
1505 3974 1688 4025 Simili
1721 3976 1919 4042 modo3
1961 3981 2094 4031 Dein
2134 3981 2363 4033 bostiam
2391 4003 2417 4035 a

870 4055 1046 4124 primo
1074 4055 1356 4109 Sacerdote
1385 4070 1740 4112 consecratam
1759 4099 1774 4125 ,
1806 4073 1857 4115 et
1884 4066 2193 4133 sanguinem
2216 4105 2232 4131 ,
2260 4088 2416 4138 quem

866 4143 1095 4209 ipsemet
1132 4142 1458 4209 confecerit,
1493 4163 1700 4201 sumere
1726 4185 1741 4212 ,
1781 4166 1905 4201 mox
1951 4152 2169 4206 calicem
2208 4155 2273 4205 ab
2314 4157 2418 4206 alio

870 4232 1372 4284 semiconsecratum
1400 4235 1639 4293 relictum
1679 4235 1866 4290 bibere
1885 4275 1901 4301 ,
1929 4238 1962 4289 l.
2001 4239 2051 4290 2.
2083 4257 2131 4291 c.
2173 4242 2257 4293 14.
2285 4260 2339 4293 η.
2366 4246 2418 4295 9.

870 4329 923 4367 et
961 4319 1045 4368 10.
1087 4320 1139 4368 Si
1188 4321 1520 4387 exploratum
1561 4323 1619 4372 fit
1656 4332 1933 4393 utramque
1982 4328 2215 4393 speciem
2258 4329 2419 4385 fuisse

870 4412 1225 4455 consecratam
1242 4443 1257 4468 ,
1280 4408 1638 4476 supplendum
1661 4419 1740 4463 est
1762 4428 1790 4461 a
1816 4411 1993 4465 verbis
2011 4449 2026 4477 ,
2060 4413 2216 4466 Unde
2240 4428 2295 4469 et
2315 4434 2420 4468 me-

873 4508 1051 4544 mores
1073 4503 1173 4543 etc.
1201 4509 1254 4543 n.
1285 4495 1367 4546 11.
1931 4497 1935 4505 ’

983 4580 1035 4631 Si
1067 4580 1322 4646 templum
1347 4617 1363 4643 ,
1390 4582 1470 4635 vel
1495 4584 1803 4636 Oratorium
1833 4594 1951 4637 ante
1978 4586 2251 4641 Canonem
2281 4589 2417 4644 forte

873 4665 1139 4718 violentur
1161 4704 1176 4730 ,
1202 4668 1363 4720 Missa
1394 4669 1673 4721 intermitti
1703 4690 1716 4731 ;
1756 4673 1798 4723 si
1831 4682 1954 4739 post
1979 4691 2235 4727 canonem
2262 4715 2276 4740 ,
2305 4696 2420 4746 pcr-

871 4752 957 4804 fici
986 4751 1158 4806 debet.
1187 4756 1319 4818 Item
1346 4757 1573 4825 relinqui
1606 4766 1818 4825 potest,
1848 4761 1893 4811 si
1919 4771 2037 4813 ante
2065 4766 2419 4816 consecratio·

869 4856 994 4891 nem
1024 4840 1291 4893 Sacerdoti
1317 4841 1600 4894 celebranti
1636 4845 1824 4895 mortis
1846 4847 2141 4913 periculum
2169 4868 2229 4902 ex
2255 4851 2420 4901 hosti·

875 4927 977 4979 bus
999 4963 1014 4990 ,
1041 4936 1127 4979 aut
1153 4929 1450 4992 alluvione,
1491 4938 1578 4980 aut
1604 4932 1819 4999 Templi
1850 4934 2001 4984 ruina
2028 4934 2318 4989 immineat.
2363 4940 2416 4989 Si

876 5032 1001 5067 vero
1041 5024 1164 5083 post
1191 5018 1644 5070 consecrationem
1687 5018 1813 5071 baec
1840 5023 2203 5090 superveniat,
2245 5026 2451 5101 sacen-g

877 5101 1007 5166 dos,
1045 5103 1261 5154 caeteris
1296 5104 1501 5166 missis,
1541 5104 1692 5156 debet
1732 5106 1971 5174 Corpus,
2010 5118 2063 5160 et
2098 5110 2418 5179 Sanguinem

876 5205 1112 5251 sumere,
1151 5205 1261 5238 non
1289 5197 1461 5241 autem
1480 5200 1787 5258 asportare,
1815 5194 1851 5246 1.
1891 5194 1941 5245 3.
1970 5212 2016 5245 e.
2050 5195 2134 5246 14.
2163 5213 2215 5246 n.
2250 5197 2332 5248 12.
2363 5198 2416 5250 si

876 5293 999 5328 vero
1030 5276 1116 5326 illa
1158 5284 1280 5344 post
1305 5277 1474 5328 solius
1513 5277 1717 5332 hostiae
1745 5282 2198 5335 consecrationem
2239 5302 2420 5353 super·

2514 1713 2634 1782 ρείο
2656 1752 2669 1766 .

2636 1839 2895 1908 Defectus
2911 1842 3061 1897 circa
3082 1864 3304 1915 panem,
3332 1860 3384 1900 et
3407 1848 3611 1914 vinum,
3642 1861 3695 1902 ee
3717 1868 3944 1919 aquam.

2626 1965 2680 2015 Si
2709 1968 2889 2040 Hostia
2931 1979 3178 2037 corrupta
3221 1973 3319 2034 sit,
3353 1983 3441 2025 aut
3469 1961 3593 2036 ¹nou
3625 1974 3860 2039 triticea,
3898 1974 4063 2045 idque

2514 2051 2768 2112 Sacerdos
2805 2064 2922 2109 aute
2942 2093 2958 2120 ,
2995 2058 3075 2110 vel
3100 2069 3223 2127 post
3248 2063 3706 2116 consecrationem
3739 2099 3754 2126 ,
3784 2073 3870 2114 aut
3894 2064 4056 2131 etiam

2516 2148 2636 2207 post
2662 2141 2806 2193 illius
2833 2142 3035 2196 hostiae
3061 2147 3367 2215 sumptione
3388 2166 3440 2200 m
3467 2148 3734 2214 advertat,
3785 2152 3939 2202 aliam
3966 2150 4066 2202 bo·

2516 2229 2666 2279 stiam
2714 2229 2959 2282 idoneam
2989 2231 3146 2285 debet
3170 2234 3435 2304 accipere,
3486 2245 3540 2289 et
3568 2246 3741 2290 mente
3771 2240 3954 2290 saltem
3984 2238 4067 2290 of·

2518 2316 2680 2379 serre,
2708 2336 2779 2368 *ac
2805 2318 2998 2372 deinde
3024 2338 3272 2374 consecra
3287 2341 3340 2377 re
3369 2323 3642 2393 incipiens
3671 2344 3698 2376 a
3725 2325 3923 2391 verbis,
3958 2327 4073 2393 Qui

2510 2401 2693 2470 pridie
2734 2416 2833 2456 etc.
2869 2414 2921 2458 et
2957 2423 3167 2460 sumere
3196 2447 3208 2460 .
3263 2409 3420 2477 Quod
3451 2410 3494 2460 si
3525 2411 3752 2479 primam
3781 2412 3928 2464 illam
3968 2413 4064 2464 ho-

2514 2492 2667 2543 stiam
2688 2509 2798 2544 non
2818 2479 3217 2562 absumpsisset,
3237 2514 3358 2548 eam
3388 2485 3618 2550 assumat
3645 2509 3767 2566 post
3792 2510 4062 2569 sumptum

2512 2590 2793 2648 corpus,et
2818 2584 3159 2652 sanguinem,
3192 2586 3229 2635 l.
3257 2585 3309 2636 3.
3336 2603 3387 2637 e.
3419 2586 3506 2638 15.
3550 2605 3602 2638 n.
3635 2589 3683 2638 1.
3713 2587 3768 2640 Si
3799 2588 4063 2641 desectum

2510 2667 2736 2721 eundem
2777 2678 2899 2737 post
2936 2672 3216 2740 Sanguinis
3248 2674 3627 2743 sumptionem
3656 2675 3888 2728 advertat
3914 2715 3930 2741 ,
3967 2694 4064 2727 no·

2510 2771 2629 2805 vum
2672 2765 2884 2823 oportet
2905 2774 3087 2825 parare
3116 2775 3307 2826 panem
3330 2798 3344 2822 ,
3382 2769 3436 2813 et
3461 2761 3640 2813 vinum
3667 2780 3786 2816 cum
3817 2781 3946 2832 aqua
3968 2800 3982 2826 ,
4009 2771 4064 2815 et

2512 2852 2791 2912 utrumqne
2818 2844 3026 2909 offerre,
3055 2863 3369 2899 consecrare
3386 2885 3400 2910 ,
3427 2857 3480 2900 et
3506 2866 3716 2902 sumere
3741 2851 4059 2918 incipiendo

2512 2948 2541 2981 a
2567 2930 2740 2983 verbis
2783 2932 2893 2999 Qui
2904 2932 3086 3002 pridie
3111 2945 3211 2986 etc.
3240 2954 3297 2988 ac
3337 2936 3565 2989 Missam
3596 2938 3883 3007 persequi,
3924 2936 4057 2989 ibid.

2516 3035 2582 3070 ac
2610 3036 2663 3069 n.
2690 3018 2748 3071 2.

2626 3095 2680 3157 Si
2717 3114 2944 3171 acetum,
2975 3116 3063 3160 ant
3099 3108 3232 3161 alius
3258 3110 3439 3179 liquor
3463 3109 3518 3162 iu
3545 3110 3777 3164 Calicem
3817 3110 4060 3164 infunda-

2517 3201 2625 3257 tur,
2653 3193 2813 3262 idque
2860 3194 3115 3249 Sacerdos
3156 3206 3272 3250 ante
3295 3236 3314 3264 ,
3344 3199 3424 3250 vel
3453 3192 3585 3265 post'
3604 3201 4061 3252 consecrationem

2515 3279 2766 3344 advertat,
2792 3299 2988 3334 novum
3016 3285 3197 3335 vinum
3221 3285 3458 3354 accipiat,
3489 3286 3690 3349 offerat,
3719 3296 3771 3339 et
3789 3296 4065 3340 consecret

2515 3366 2828 3435 incipiendo
2854 3388 2883 3420 a
2908 3370 3081 3422 verbis
3103 3370 3289 3423 Simila·
3353 3371 3513 3425 modo
3540 3385 3644 3425 etc.
3674 3375 3710 3424 1.
3739 3373 3792 3425 3.
3814 3391 3860 3424 e.
3891 3375 3978 3425 15.
4004 3391 4060 3427 n.

2516 3454 2564 3505 3.
2594 3455 2696 3507 Sed
2723 3457 2766 3507 si
2795 3456 3057 3510 defectum
3085 3457 3316 3509 advertat
3363 3468 3494 3528 post
3531 3460 3891 3529 sumptionem
3929 3462 4063 3514 Cor·

2516 3542 2693 3609 poris,
2731 3545 2812 3596 vel
2856 3554 2977 3611 post
3018 3546 3388 3614 sumptionem
3424 3547 3630 3615 ineptae
3677 3548 3946 3612 materiae,
3975 3551 4064 3600 Sa·

2512 3629 2698 3682 cerdos
2727 3630 3058 3697 probabilius
3087 3632 3305 3686 deberet
3330 3651 3527 3686 novam
3554 3628 3808 3698 hostiam,
3839 3652 4063 3688 novum·

2514 3735 2616 3785 que
2640 3719 2820 3769 vinum
2841 3737 2960 3770 cum
2988 3738 3120 3788 aqua
3145 3721 3381 3788 accipere
3404 3757 3421 3785 ,
3454 3721 3645 3775 offerre
3668 3759 3683 3786 ,
3713 3740 4063 3791 consecrare,

2515 3812 2567 3855 et
2583 3805 2821 3872 quamvis
2846 3806 3042 3874 jejunis
3061 3823 3171 3858 non
3194 3808 3281 3871 sit,
3310 3825 3535 3871 sumere,
3557 3827 3614 3860 ac
3635 3818 3802 3876 cetera
3825 3809 3890 3862 de
3911 3828 4067 3864 more

2516 3907 2788 3959 peragere.
2815 3895 2865 3944 Si
2898 3911 3022 3945 vero
3055 3894 3109 3943 in
3144 3895 3270 3945 loco
3301 3880 3543 3963 publico,
3574 3896 3647 3946 uti
3672 3896 4062 3950 multitudoad-

2516 3977 2605 4038 sit,
2631 3980 2711 4030 vel
2738 3996 2914 4031 coram
2940 3982 3179 4048 Magnate
3211 3981 3462 4046 celebret,
3490 3982 3554 4034 ad
3584 3983 3886 4035 evitandum
3917 4003 4068 4038 scan-

2514 4063 2689 4116 dalum
2720 4068 2914 4133 poterit
2953 4068 3135 4119 vinum
3166 4071 3339 4120 solum
3373 4088 3490 4121 cnm
3522 4089 3654 4140 aqua
3681 4088 3980 4139 apponere,
4009 4082 4067 4126 et

2514 4151 2644 4205 facts
2664 4152 2954 4219 oblatione,
2984 4172 3323 4221 consecrare,
3351 4175 3410 4209 ac
3437 4159 3610 4209 statim
3642 4176 3850 4212 sumere
3872 4197 3887 4224 ,
3915 4160 3987 4211 ib.
4008 4173 4065 4214 ee

2517 4257 2609 4290 nu.
2635 4258 2781 4309 seqq.

2627 4327 2681 4380 Si
2708 4328 2879 4397 panis,
2907 4337 2958 4381 et
2975 4329 3155 4397 vinum
3180 4339 3461 4405 utrumque
3485 4332 3725 4400 ineptum
3750 4333 4055 4404 appositum

2517 4412 2700 4480 fuerit,
2727 4425 2776 4467 et
2803 4416 3057 4468 Sacerdos
3110 4417 3252 4473 bunc
3304 4406 3564 4472 defectum
3585 4429 3757 4486 ante,
3808 4418 3888 4474 vel
3934 4428 4060 4490 post

2515 4503 2966 4555 consecrationem
2995 4502 3224 4556 advertat
3258 4542 3273 4569 ,
3302 4507 3429 4557 alias
3462 4493 3703 4560 materias
3734 4507 3952 4560 idoneas
3981 4524 4063 4560 as·

2517 4599 2703 4654 sumat,
2725 4608 2856 4658 quae
2883 4592 2925 4641 si
2957 4608 3064 4641 non
3104 4594 3458 4660 reperiantur,
3482 4596 3699 4646 Missam
3730 4597 3970 4646 omittat:
4011 4596 4058 4646 si

2517 4694 2640 4729 vero
2665 4686 2789 4745 post
2814 4679 3178 4747 sumptionem
3208 4677 3472 4731 defectum
3524 4690 3839 4750 cognoscat,
3886 4697 4062 4751 neque

2514 4766 2799 4817 nenessitas
2840 4765 3141 4818 celebrandi
3195 4775 3372 4836 urgeat
3395 4804 3409 4830 ,
3449 4776 3629 4835 potest
3673 4769 3736 4820 ad
3784 4754 4062 4819 vitandum

2516 4851 2817 4904 scandalum
2846 4853 3099 4921 quasdam
3130 4870 3316 4920 preces
3353 4854 3602 4920 recitare,
3646 4865 3698 4907 et
3730 4854 4061 4907 benedictio-

2516 4956 2637 4991 nem
2678 4941 2883 5007 populo
2912 4939 3175 5008 impertiri
3191 4975 3215 5003 .,
3246 4941 3281 4990 l.
3310 4940 3378 5003 39
3392 4958 3435 4993 c.
3469 4942 3552 4992 15.
3582 4959 3634 4994 n.
3662 4944 3713 4994 9.

2624 5027 2677 5076 Si
2706 5044 2837 5095 aqua
2867 5027 2920 5077 in
2948 5027 3129 5079 Calice
3158 5027 3332 5078 infusa
3360 5045 3470 5078 non
3499 5038 3653 5095 esset,
3685 5039 3736 5081 et
3756 5029 3894 5080 bunc
3921 5029 4062 5081 det'c·

2516 5123 2657 5166 ctum
2684 5113 2944 5166 Sacerdos
2974 5124 3092 5183 ante
3119 5115 3592 5168 consecrationem
3609 5118 3857 5181 advertat,
3887 5118 4062 5168 statim

2518 5220 2701 5271 aquam
2733 5202 2994 5267 infundat,
3025 5202 3070 5252 si
3094 5220 3218 5255 vero
3241 5210 3366 5277 post
3392 5204 3884 5268 Consecrationem,
3906 5205 4065 5255 omit-

2518 5287 2672 5341 tenda
2699 5297 2809 5352 est,
2858 5290 2895 5339 1.
2927 5289 2976 5339 3.
3009 5307 3055 5341 c.
3090 5290 3173 5340 15.
3202 5307 3253 5340 n.
3290 5291 3378 5341 ¹0.
3406 5290 3460 5341 Si
3491 5308 3667 5343 musca
3693 5329 3708 5356 ,
3745 5292 3826 5343 vel
3854 5307 4061 5353 aranea,
