4487 6316
154 651 196 691 0
205 651 411 695 rationo-m

155 722 238 764 pro
286 708 449 753 nefian-

1811 517 1933 569 LIB.
1973 511 2037 564 11.
2076 510 2217 566 CAP.
2256 510 2415 567 xvu.
3442 525 3545 576 to?

497 645 659 710 bello
681 647 1051 727 ceciderant,
1088 654 1319 735 quique
1341 672 1464 718 non
1488 665 1560 720 ut
1587 658 1894 721 Idolorum
1921 657 2054 720 cul—

2154 654 2412 737 justitia.
2449 657 2591 719 Ideo
2619 667 2820 721 autem
2851 661 3117 725 diximus
3145 685 3253 745 pro
3276 668 3578 743 omnibus,
3612 669 3719 749 qui

153 767 237 807 en.
256 781 305 809 0,
337 772 450 823 ¹⁴:³⁰-
494 741 585 804 tui
613 762 677 804 se
701 742 1083 821 addicerent,·
1100 748 1203 809 sed
1233 750 1491 813 avaritia
1519 752 1661 813 moti
1687 772 1760 814 ex
1783 751 2058 816 Jamniae
2162 749 2392 811 suntin
2422 749 2798 834 purgatorio,
2827 757 3178 820 Orationem
3205 759 3361 833 fieri,
3398 762 3544 842 quia
3570 764 3716 844 ipsis

494 835 744 916 Templo
770 856 866 898 res
910 839 1095 901 Idolis
1130 852 1502 906 consecratas
1541 845 1959 927 diripuerant,
1994 855 2055 909 et
2159 841 2306 904 solis
2326 843 2543 906 Missae
2562 846 2935 912 Sacrificium
2952 855 3714 932 tanquamsatisfactnrium

153 821 237 863 stol
244 838 303 864 nea
339 829 451 869 Tra·

152 879 334 926 dinone.

147 2412 248 2454 Mo«
293 2408 365 2453 ille
399 2427 448 2455 o-

149 2467 271 2510 randi
370 2482 447 2526 pro

148 2525 374 2569 Desmontis

147 2582 418 2628 confirmatur

76 2667 79 2676 «
181 2642 418 2684 testimonio

146 2698 339 2741 Parum.

189 4198 335 4265 Oratio
382 4195 429 4240 iit

138 4269 211 4307 wo
269 4270 428 4298 numn-

136 4310 213 4378 μ’
225 4344 241 4367 r
320 4327 427 4369 φη.

138 4429 241 4469 totio
258 4441 426 4484 upton-

136 4490 203 4525 tur
218 4515 232 4535 ,
248 4497 332 4551 nou
351 4498 427 4543 pro

500 929 615 991 sub
650 931 918 1021 vestibus
952 934 1083 996 suis
1120 935 1555 1004 absconderant
1581 961 1622 1001 :-
1649 951 1818 1020 atque
1861 945 1946 1005 ita
1978 944 2055 1004 ad

2162 936 2287 997 Deo
2307 937 2582 1013 offertur,
2599 943 2776 1022 juxta
2797 944 3211 1007 Tridentinam
3235 947 3545 1030 Synodum
3566 970 3708 1013 sess.

494 1041 682 1102 proces
699 1028 947 1090 conversi
964 1042 1328 1106 roqavmmt,
1358 1044 1423 1092 m
1450 1035 1513 1093 id
1532 1036 1678 1113 quod
1697 1035 1911 1112 sacrm„
1931 1046 2054 1097 eme
2160 1033 2259 1090 25.
2299 1032 2550 1094 Decreto
2579 1035 2654 1096 de
2687 1037 3065 1120 Purgatorio,
3099 1041 3206 1102 ubi
3235 1042 3424 1114 docet,
3457 1043 3710 1107 -Animas

495 1118 783 1191 delictum,
809 1122 1080 1182 oblivioni
1103 1125 1444 1188 traderetur:
1472 1137 1543 1190 ut
1562 1137 1657 1190 -est
1685 1135 1742 1190 2.
1768 1131 2045 1193 Machab.

494 1230 626 1291 cap.
667 1217 761 1273 12.
800 1214 1017 1295 Neque·
1053 1236 1197 1288 vero
1239 1238 1450 1281 eorum
1480 1231 1785 1308 peccatum
1831 1223 2049 1287 lethale

493 1305 773 1369 habitum
820 1309 976 1384 fuit,
1010 1318 1070 1372 et
1111 1312 1442 1375 existimari
1476 1316 1715 1395 potuit,
1761 1337 1862 1378 eos
1909 1327 2049 1380 ante

498 1409 752 1463 mortem
794 1404 1058 1485 ejusdem
1089 1408 1308 1486 peccati
1339 1410 1719 1489 poenituisse.
1752 1411 2048 1474 Ecclesiae

492 1514 613 1556 uon
645 1496 789 1557 satis
813 1506 903 1559 est
929 1518 1039 1578 pro
1066 1500 1361 1563 defunctis
1387 1523 1528 1566 raro
1550 1550 1567 1577 ,
1604 1511 1664 1566 et
1703 1506 1880 1567 certis
1907 1507 2046 1586 qui·

489 1588 740 1654 busdam
767 1593 1177 1656 occasionibus
1201 1615 1419 1672 orare3
1450 1599 1619 1661 nulla
1664 1619 1910 1681 prorsus
1956 1608 2045 1663 est

489 1682 766 1766 Liturgia
792 1732 809 1759 ,
853 1707 1011 1768 quae
1039 1709 1161 1751 non
1190 1690 1408 1754 habeat
1433 1694 1765 1756 orationem
1794 1715 1906 1776 pro
1947 1696 2045 1757 de-

488 1776 712 1841 functis
738 1826 755 1854 ,
787 1781 970 1862 idque
988 1803 1065 1844 ex
1093 1785 1429 1865 Apostolica
1459 1789 1814 1851 traditione:
1850 1790 2041 1851 Extat

485 1877 671 1935 oratio
689 1895 795 1954 pro
840 1876 1132 1954 Defunctis
1155 1881 1218 1937 in
1250 1879 1530 1960 Lilnryiis
1549 1885 1803 1944 omnibns
1841 1884 2040 1944 Eccle-

488 1969 606 2028 siae
650 1981 768 2028 tum
818 1968 1131 2033 orientalis
1174 1984 1295 2033 tum
1338 1973 1736 2038 Occidentalis.
1794 1977 1920 2037 Hoc
1969 1980 2041 2040 ab

484 2059 766 2140 Apostolis
797 2067 1087 2126 traditum·
1114 2070 1376 2131 universa
1400 2090 1501 2150 per
1535 2082 1711 2131 totum
1735 2073 1917 2134 orbem
1941 2074 2038 2132 ob-

484 2166 668 2216 servat
696 2203 711 2226 ,
742 2167 792 2217 et
818 2160 1124 2228 obscum-it
1168 2161 1427 2223 Ecclesia
1455 2211 1468 2232 ‚
1498 2174 1563 2223 ut
1600 2184 1708 2244 pro
1753 2164 2039 2243 Defunctis

485 2250 636 2309 inter
665 2253 1099 2333 sacrificandam
1134 2266 1250 2315 oret
1270 2278 1293 2324 ‚·
1337 2256 1423 2318 ait
1450 2257 1675 2338 Pouget
1704 2258 1898 2320 Instit.
1933 2259 2040 2322 Ca'-

487 2341 763 2405 tholicar.
797 2354 940 2406 tom.
978 2352 1035 2407 2.
1075 2368 1210 2430 pag.
1244 2355 1385 2422 866.
1427 2375 1432 2392 ·
1934 2381 1939 2385 ·

612 2443 668 2498 3.
704 2439 1094 2518 Apertissima
1114 2451 1258 2504 sunt
1278 2443 1615 2508 'testimonia
1636 2457 1907 2508 veterum
1931 2447 2040 2509 Pa-

488 2536 671 2590 trum.
723 2532 1133 2595 Tertullianus
1171 2535 1245 2597 de
1272 2536 1504 2600 Corona
1555 2539 1773 2601 militis‘
1789 2560 1918 2620 cap.
1972 2547 2030 2602 3.

488 2621 809 2685 Oblationes
838 2646 941 2706 pro
973 2628 1267 2706 Desnnctis
1294 2651 1491 2693 annua
1514 2634 1603 2693 die
1632 2623 1890 2712 facimus.
1918 2637 2037 2696 Au-

481 2719 757 2800 gustinus
775 2739 1048 2783 sermone
1080 2729 1212 2784 171.
1246 2725 1397 2788 alias
1426 2731 1521 2787 32.
1547 2727 1623 2788 de
1656 2729 1856 2790 verbis
1881 2731 2055 2809 Apor

481 2813 619 2875 stoli
650 2814 734 2876 ita
759 2815 1008 2878 scribit:
1043 2817 1168 2879 Hoc
1195 2822 1343 2880 enim
1371 2841 1408 2883 a
1428 2821 1713 2896 ¹Patribus
1758 2825 2036 2885 traditum

481 2905 746 2971 universa
791 2912 1041 2972 observat
1088 2913 1347 2976 Ecclesia
1373 2964 1388 2986 ‚
1425 2927 1492 2976 nt
1528 2938 1636 2997 pro
1664 2920 1742 2978 eis
1770 2965 1785 2988 ,
1823 2921 1925 2997 qni
1971 2922 2035 2980 in

485 3001 751 3082 Corporis
774 3015 832 3064 et
853 3004 1170 3084 Sanquinis
1193 3006 1414 3070 Christi
1440 3003 1819 3072 communione
1840 3014 2034 3092 desun-

479 3099 558 3157 cti
611 3109 745 3158 sunt
772 3146 787 3170 ,
844 3120 971 3160 cnm
1013 3103 1090 3163 ad
1142 3105 1328 3183 ipsum
1368 3104 1734 3187 Sacrificium
1764 3108 1893 3167 ‚loco
1929 3125 2031 3168 suo

482 3206 988 3260 commemorantur
1011 3244 1026 3265 ,
1059 3208 1251 3257 oretur
1281 3246 1295 3267 ‚
1328 3220 1396 3260 ac
1417 3219 1524 3279 pro
1552 3201 1673 3260 illis
1711 3221 1926 3279 qnoque
1970 3203 2031 3261 id

477 3285 672 3367 offen-i
706 3302 1177 3351 commemoretur.
1228 3293 1306 3353 Et
1341 3293 1634 3356 consentit
1677 3294 2029 3377 Chrysosto-

477 3399 613 3440 mus
656 3380 867 3442 homil.
923 3388 1020 3443 69.
1070 3384 1149 3444 ad
1191 3385 1490 3465 Populum
1537 3387 2022 3452 Antiochenum:

475 3473 614 3537 Non
641 3486 835 3537 temere
863 3478 936 3538 ab
964 3476 1243 3558 Apostolis
1278 3481 1410 3541 haec
1434 3484 1655 3543 sancita
1674 3484 1850 3561 fuere,
1879 3496 1944 3545 at
1964 3488 2027 3545 in

476 3572 770 3631 tremendis
792 3574 1078 3650 mysteriis
1114 3572 1517 3649 Defunctorum
1559 3589 1769 3656 aqatur
1794 3600 2026 3641 comme-

472 3667 714 3725 moratio
735 3683 756 3724 .·
782 3668 967 3725 sciunt
995 3669 1142 3727 enim
1173 3669 1295 3727 illis
1322 3671 1565 3730 :inultum
1591 3674 1909 3751 continqere
1933 3676 2024 3736 ln-

471 3776 633 3818 crum
660 3804 676 3827 ,
718 3769 771 3818 et
812 3761 1121 3821 utilitatem
1154 3763 1416 3837 niallam.
1464 3763 1577 3840 His
1618 3762 2024 3830 fundamentis

470 3852 684 3931 quinta
715 3852 972 3914 Canonis
1000 3851 1208 3916 Oratio
1237 3855 1519 3918 innititur
1546 3903 1563 3931 ,
1611 3867 1793 3939 atque
1840 3861 1903 3921 in
1950 3881 2022 3924 ca

470 3943 755 4006 Sacerdos
800 3956 1140 4026 praesentes
1179 3949 1413 4010 animos
1445 3960 1547 4012 eos
1588 3951 1815 4029 habere
1846 3954 2024 4017 debet

467 4038 777 4101 defunctos
800 4086 816 4112 ‚
853 4060 964 4120 pro
989 4041 1213 4120 quibus
1245 4044 1563 4125 praecipue
1588 4046 1850 4129 ‚intendit
1890 4069 2024 4113 ora-

468 4153 536 4195 re
563 4154 578 4194 :
610 4134 684 4194 In
709 4136 808 4194 boc
853 4136 968 4196 loco
998 4134 1269 4209 Sacerdos
1294 4184 1310 4208 ‚
1354 4152 1594 4217 quornm
1625 4145 1894 4203 maluerit
1924 4146 2018 4205 cle-

469 4229 812 4306 functornm,
838 4231 989 4290 debet
1013 4250 1175 4308 aqere
1197 4236 1521 4294 memoriam
1538 4239 1852 4322 specialem‚·
1882 4257 2017 4301 ver-

469 4324 545 4384 ba
574 4330 717 4384 sunt
756 4323 1089 4386 Innocentii
1126 4325 1238 4385 III.
1273 4326 1373 4386 cit.
1426 4326 1534 4389 lib.
1570 4335 1627 4389 5.
1666 4350 1796 4410 cap.
1847 4336 1906 4392 7.
1948 4352 2020 4397 ac

468 4437 649 4497 porro
699 4436 952 4497 pergens
990 4425 1124 4499 orat
1172 4438 1283 4499 pro
1320 4420 1640 4484 animabus
1685 4426 1969 4488 omnibus
1994 4473 2011 4501 ,

466 4522 623 4590 quae
652 4511 998 4573 detinentur
1036 4511 1102 4572 in
1146 4514 1503 4595 purgatorio
1528 4562 1545 4589 ,
1593 4524 1662 4578 ut
1691 4520 1878 4583 verba
1910 4520 2015 4587 illa

464 4603 733 4667 indicant
757 4651 774 4679 ,
810 4608 947 4685 ipsis
975 4605 1232 4676 Domine,
1268 4608 1417 4671 idest
1443 4630 1554 4690 pro
1584 4613 1808 4691 quibus
1841 4634 2014 4695 prae-

462 4697 637 4777 cipue
675 4698 914 4779 orassiu
945 4705 1007 4760 et
1036 4702 1290 4761 omnibns
1318 4704 1383 4762 in
1414 4702 1641 4764 Christo
1682 4710 2014 4783 quiescenti-

466 4793 565 4852 bus
592 4840 608 4863 ‚
643 4792 718 4853 iis
763 4793 987 4855 scilicet
1020 4795 1311 4857 omnibus
1336 4842 1353 4869 ,
1407 4798 1513 4877 qui
1562 4799 1625 4859 in
1658 4800 2014 4883 Purgatorio

466 4883 604 4965 igue
651 4886 1013 4966 expiantur:
1066 4907 1177 4967 pro
1205 4890 1489 4952 omnibus
1520 4901 1721 4954 autem
1754 4897 2015 4979 postulat

464 4981 644 5040 locum
683 4983 971 5060 resriqerii
995 5028 1010 5051 ,
1058 4982 1220 5060 quod
1262 4985 1502 5063 respicit
1546 4986 1746 5067 ignem
1791 4988 1963 5052 illum
1991 5039 2008 5066 ,

461 5091 584 5151 quo
616 5082 1004 5144 cremantur:
1053 5078 1233 5135 locum
1261 5078 1402 5137 lucis
1427 5126 1442 5146 ,
1480 5080 1644 5158 quod
1682 5089 1906 5161 spectat
1936 5086 2013 5147 ad
2063 5148 2070 5167 ,

457 5185 559 5228 eas
587 5169 864 5250 tenebras
909 5168 973 5233 in
1013 5168 1239 5250 quibus
1284 5180 1645 5248 versantur;
1684 5177 1863 5237 wcnm
1901 5199 2011 5258 pa-

457 5263 559 5331 cis,
582 5262 747 5342 quod
776 5262 851 5323 ad
883 5262 1050 5324 illam
1078 5263 1335 5342 pertinet
1355 5268 1572 5328 mentis
1600 5270 1962 5333 anxietatem
1988 5320 2006 5348 ‚

457 5373 582 5434 qua
628 5355 1092 5417 conflictantur:
1129 5376 1253 5435 quo
1291 5359 1509 5438 triplici
1540 5380 1871 5441 poenarum
1903 5386 2007 5446 ge-

459 5466 604 5509 nere
634 5448 886 5510 miserae
919 5448 1061 5511 illae
1089 5449 1327 5511 animae
1355 5470 1393 5512 a
1419 5452 1640 5516 Divina
1682 5456 2007 5537 expiantur

785 5572 995 5609 ιιιιιυ.
1038 5573 1150 5608 xiv.
1190 5572 1334 5609 rom.
1375 5562 1515 5616 vm.

2156 1124 2219 1183 in
2245 1125 2590 1205 Pnrqatorio
2616 1131 2861 1193 detentas
2894 1133 3172 1195 Fidelinm
3194 1137 3505 1218 snffraqiis‚
3533 1143 3708 1219 potis-

2153 1219 2359 1278 simum
2384 1240 2511 1281 vero
2536 1228 2864 1304 acceptabili
2889 1228 3112 1289 Altaris
3143 1229 3445 1313 Sacrificio
3457 1233 3660 1310 juvari
3679 1258 3704 1304 ‚-

2153 1318 2214 1371 et
2235 1313 2414 1391 juxta
2443 1315 2601 1378 idem
2634 1318 2967 1382 Concilium
2995 1342 3136 1384 sess.
3168 1329 3266 1384 22.
3301 1345 3432 1406 cap.
3455 1332 3513 1387 2.
3552 1327 3711 1403 Qum

2152 1422 2213 1462 re
2240 1405 2340 1464 hoc
2367 1406 2730 1490 Sacrificium
2754 1433 2868 1472 non
2896 1416 3074 1475 solnm
3100 1437 3205 1496 pro
3232 1417 3511 1479 Fidelium
3548 1425 3703 1483 vivo-

2150 1517 2282 1557 mm
2321 1505 2559 1578 peccatis
2587 1551 2602 1574 ,
2647 1509 2838 1585 poenis
2863 1556 2878 1578 ,
2920 1512 3399 1586 satisfactionibus
3426 1562 3442 1584 ,
3491 1526 3542 1575 et
3569 1519 3708 1579 aliis

2152 1596 2569 1666 necessitatibus
2600 1646 2614 1667 ‚
2662 1602 2755 1659 sed
2798 1613 2847 1661 et
2891 1623 2995 1682 pro
3036 1604 3329 1682 Desunctis
3367 1611 3431 1668 in
3478 1609 3707 1675 Christo

2150 1689 2398 1747 nondum
2423 1693 2501 1750 ad
2522 1694 2754 1770 laenam
2785 1701 3043 1775 pnryati‘s
3077 1702 3185 1759 rite
3201 1702 3384 1778 juxta
3409 1703 3704 1786 Apostolo—

2148 1800 2277 1841 rum
2311 1782 2362 1842 T
2356 1785 2691 1847 raditionem
2714 1790 2947 1871 offertur
2969 1811 2992 1852 .·
3023 1813 3336 1875 nunquam
3357 1807 3563 1861 tamen
3590 1821 3703 1882 pro

2148 1873 2469 1938 animabus
2516 1878 2939 1944 damnatorum
2966 1931 2982 1956 ‚
3034 1905 3295 1965 quorum
3336 1889 3702 1957 immutabili

2147 1969 2257 2030 Dei
2299 1970 2427 2052 lege
2456 1981 2699 2038 aeterna
2725 1986 2814 2039 cst
2858 1980 3316 2044 condemnatio:
3351 1986 3555 2048 Paleas
3591 2009 3703 2050 an-

2148 2074 2254 2122 tem
2284 2066 2410 2142 iqne
2441 2069 2718 2129 comburet
2744 2073 3196 2153 inextinqnibili,
3227 2078 3441 2140 Matth.
3473 2101 3602 2161 cap.
3633 2088 3691 2143 3.

2143 2156 2421 2234 Discedite
2447 2181 2483 2222 a
2511 2182 2595 2224 me
2627 2167 2914 2226 maledicti
2939 2170 3003 2227 in
3028 2171 3210 2248 iynem
3238 2185 3528 2235 aeternnm
3552 2224 3568 2246 ,
3600 2178 3701 2239 iti·

2143 2250 2279 2311 dem
2312 2254 2527 2316 Matth.
2560 2270 2689 2336 cap.
2724 2264 2822 2321 25.
3485 2321 3488 2326 .

2263 2349 2319 2407 4.
2346 2348 2510 2411 Haec
2528 2350 2737 2413 Oratio
2762 2354 2821 2415 in
2849 2357 3096 2418 vetustis
3117 2363 3521 2424 monumentis
3543 2363 3697 2428 Ora-
3737 2347 3852 2389 ⁰¹³⁸⁰
3863 2348 4025 2392 ⁰⁸⁶⁸oe

3736 2412 3897 2448 ctorum
3947 2420 4024 2447 uo-

2146 2442 2224 2499 tio
2266 2461 2433 2521 snper
2472 2444 2773 2526 Dyptycba
2818 2451 3194 2530 appellatur,
3240 2456 3320 2517 ob
3347 2476 3481 2518 eam
3509 2478 3694 2539 quam
3736 2464 3878 2526 πύῳ»
3949 2476 4024 2519 ¹³⁶·

2140 2552 2325 2613 supra
2352 2537 2647 2601 rationem
2668 2542 2983 2608 attulimus
3008 2546 3151 2627 Cap.
3185 2552 3279 2609 13.
3317 2570 3377 2610 n.
3411 2555 3506 2612 26.
3536 2555 3695 2615 Mor·
3734 2521 3884 2617 iiim-⁸
3928 2522 4022 2616 .ζῖἶῖ

2142 2634 2384 2689 tuorum
2413 2635 2721 2711 quondam
2757 2638 3005 2701 nomina
3034 2640 3156 2702 alta
3189 2645 3696 2709 voce'recitaban-
3735 2631 4024 2734 2232:ssss

2142 2728 2262 2794 tur,
2288 2723 2460 2785 sicuti
2491 2728 2737 2791 nomina
2762 2731 3065 2806 vivorum,
3092 2744 3159 2796 ut
3187 2737 3452 2799 diximus
3479 2744 3540 2799 in
3561 2741 3693 2803 Mc·
3735 2754 3823 2790 ²⁸¹¹·-

2136 2829 2319 2876 mento
2347 2839 2457 2898 pro
2490 2821 2677 2896 vivis:
2711 2829 3106 2904 quamobrem
3148 2833 3494 2895 Turonense
3535 2838 3691 2898 Con-

2138 2909 2346 2971 cilium
2389 2916 2625 2977 saeculo
2665 2919 2833 2980 VIII.
2868 2921 3145 2985 habitum
3189 2926 3345 2988 hanc
3384 2929 3691 2993 rubricam

2140 3003 2362 3066 habet:
2400 3006 2476 3067 Si
2509 3012 2732 3087 fuerint
2776 3019 3007 3079 nomina
3056 3019 3462 3100 Defunctornm
3487 3074 3500 3095 ‚
3548 3029 3691 3086 reci-

2139 3109 2330 3161 tentur
2351 3122 2374 3169 ,·
2410 3104 2605 3166 deinde
2644 3120 2942 3188 postquam
2986 3116 3223 3177 recita-ta
3247 3119 3463 3196 fuerim
3490 3169 3504 3192 ,
3538 3123 3694 3184 dicat

2138 3192 2412 3255 Sacerdos
2432 3216 2453 3256 .·
2479 3200 2638 3278 ipsis,
2667 3213 2719 3262 et
2748 3207 3024 3293 omnibns.
3060 3208 3336 3289 Episcopi
3369 3213 3547 3274 etiam
3581 3216 3689 3296 qui

2136 3288 2463 3352 Ecclesiam
2511 3305 2835 3371 rexerant,
2882 3299 3112 3380 aliique
3141 3304 3402 3366 aliarum
3441 3310 3687 3373 Diocce-

2133 3381 2292 3441 sium
2315 3428 2335 3456 ‚
2381 3384 2487 3463 qui
2521 3386 2583 3446 in
2618 3388 2925 3454 Catholica
2969 3394 3118 3457 Fide
3154 3404 3216 3459 et
3251 3398 3689 3466 Communione

2132 3476 2447 3551 obierant,
2481 3482 2986 3565 nominabantur:
3018 3509 3158 3551 nam
3185 3492 3235 3552 si
3262 3494 3357 3554 vel
3389 3495 3450 3555 in
3479 3497 3688 3560 haere-

2130 3571 2226 3644 si,
2264 3572 2359 3633 vel
2402 3572 2465 3634 in
2516 3575 2833 3646 schismate
2878 3585 3098 3645 mortui
3141 3597 3335 3649 essent
3362 3636 3379 3664 ,
3423 3611 3459 3652 e
3501 3594 3688 3655 sacris

2134 3667 2466 3748 Dyptychis
2482 3676 3003 3754 expungebantur.
3028 3681 3299 3746 Martene
3317 3686 3391 3746 de
3404 3688 3544 3748 Anti
3550 3689 3689 3768 quis

2130 3761 2430 3825 Ecclesiae
2471 3765 2709 3828 Ritibus
2741 3768 2847 3831 lib.
2892 3778 2945 3832 1.
2980 3794 3110 3854 cap.
3150 3781 3208 3838 4.
3244 3790 3358 3841 art.
3410 3787 3468 3842 8.
3506 3803 3676 3845 num.

2129 3859 2224 3916 24.
2261 3857 2617 3922 documenta
2662 3864 2933 3941 profert,
2962 3868 3189 3947 quibus
3226 3876 3524 3950 ostendit,
3559 3880 3678 3939 De-

2126 3948 2473 4013 functorum
2517 3961 2701 4034 atque
2739 3957 2920 4021 etiam
2955 3962 3394 4046 *Episcoporum
3433 3974 3683 4037 nomina

2126 4043 2438 4122 propalam
2460 4065 2587 4108 csse
2612 4049 2859 4113 recitata
2885 4054 2962 4115 ad
2991 4056 3132 4117 XII.
3160 4079 3351 4140 usque
3376 4066 3682 4129 saeculum

2127 4147 2310 4217 atque
2334 4140 2625 4221 ejusmodi
2653 4149 3147 4212 consuetudinem
3174 4173 3211 4215 a
3234 4145 3538 4220 Cardinali
3562 4163 3682 4223 Au-

2128 4232 2293 4293 tonio
2324 4234 2413 4295 de>
2431 4235 2670 4319 Crequy
2699 4239 2994 4322 Episcopo
3022 4247 3330 4310 Ambiensi
3371 4252 3562 4335 fuisse
3585 4276 3680 4318 re-

2124 4336 2395 4389 vocatam
2421 4375 2438 4402 ,
2471 4331 2578 4409 qui
2612 4334 2990 4407 Testamento
3018 4358 3127 4401 suo
3159 4361 3302 4403 ann.
3356 4350 3530 4408 1574.
3555 4349 3682 4431 jus-

2121 4422 2221 4494 sit,
2265 4422 2329 4482 in
2364 4425 2757 4488 conventuali
2787 4428 2951 4490 illius
2979 4432 3277 4499 Ecclesiae
3307 4440 3510 4515 Missa,
3536 4463 3676 4508 cum

2120 4516 2405 4579 Sacerdos
2432 4522 2773 4598 pervenerit
2797 4524 2872 4584 ad
2902 4525 3186 4589 Memento
3215 4532 3671 4613 Defunctorum‚
3770 4599 3774 4603 ,

2122 4610 2455 4674 Diaconum
2502 4607 2625 4676 alta
2670 4615 2865 4696 ipsum
2906 4639 3051 4682 voce
3084 4643 3362 4688 monere:
3400 4629 3685 4694 Memento

2121 4703 2358 4765 Domine
2397 4709 2726 4768 animarum
2747 4722 3037 4773 servornm
3080 4726 3306 4778 tuorum
3337 4721 3582 4784 Joanm's
3627 4739 3682 4789 et

2119 4797 2362 4859 Antonii
2393 4802 2457 4860 de
2504 4800 2729 4882 Creqny
2755 4823 2776 4863 .·
2825 4814 2907 4866 et.
2930 4807 2993 4867 in
3044 4809 3364 4875 Parisiensi
3415 4819 3676 4895 Ecclesia

2119 4892 2450 4953 etiamnum
2477 4895 2607 4975 ejus
2628 4894 2980 4977 disciplinae
3005 4904 3301 4981 quaedam
3332 4909 3568 4991 reliqua
3589 4933 3676 4975 es-

2119 5006 2183 5046 se
2210 4986 2481 5067 vestigia:
2510 4987 2916 5068 antiquiorem
2936 4994 3101 5056 enim
3127 4997 3496 5064 Clericorum
3520 5006 3677 5068 Cho-

2119 5081 2204 5142 ris
2236 5082 2314 5143 ad
2345 5082 2677 5143 Sacerdotis
2701 5083 3010 5149 dex-teram
3038 5093 3318 5156 accedere
3341 5141 3357 5169 ,
3396 5098 3501 5176 qui
3528 5100 3675 5163 Mis·

2118 5194 2246 5237 sam
2274 5176 2745 5238 Conventualem
2774 5179 3040 5244 celebrat
3063 5204 3133 5247 ac
3161 5186 3254 5248 illi
3282 5189 3512 5253 dicere:
3541 5194 3674 5256 Me-

2115 5280 2299 5329 mento
2341 5272 2566 5331 animae
2617 5270 2951 5335 Cardinalis
2991 5278 3058 5337 de
3108 5278 3312 5363 Gondy
3339 5331 3356 5354 ,
3407 5286 3514 5366 qui
3557 5287 3676 5354 fuit

2115 5364 2248 5444 ejus
2274 5362 2571 5426 Ecclesiae
2597 5366 2945 5447 Episcopus.

2234 5462 2293 5516 5.
2322 5456 2630 5520 Gilbertus
2648 5458 2943 5523 Grimaud
2965 5461 3032 5523 in
3051 5464 3327 5548 Liturgia
3344 5489 3512 5536 sacra
3529 5495 3662 5556 par.

3280 5582 3350 5636 ¹8
