4487 6316
1058 537 1160 588 12⁴

874 685 1204 737 consuetudo
1231 685 1594 755 antiquissima
1613 683 1763 736 estin
1790 684 2037 740 Ecclesia,
2068 682 2197 735 adeo
2215 693 2415 734 utnon-

2113 536 2324 591 INDEX
2357 535 2848 594 mnAnETlcth

2516 702 2742 752 puorum
2772 688 3039 739 dumtaxat
3064 687 3283 739 nomina
3311 688 3691 755 recitabantur,
3724 691 3758 740 l.
3797 688 3845 739 2.
3890 706 3934 740 c.
3969 688 4052 740 13.

870 774 1005 822 nulli
1042 775 1359 837 existiment,
1384 775 1427 826 si
1457 775 1543 826 die
1573 776 1704 825 l'esto
1724 792 1781 825 ea
1805 774 2105 822 tumulanda
2135 775 2260 836 sint,
2288 772 2415 823 duas
2515 793 2568 825 n.
2597 775 2684 826 26.

868 862 1052 911 Missas
1080 861 1141 909 ab
1166 879 1270 912 uno
1301 860 1583 913 Sacerdote
1613 860 1800 912 eodem
1825 859 1910 911 die
1940 860 2187 912 celebrari
2238 871 2414 926 posse,

870 965 1026 999 unam
1058 948 1120 1000 de
1154 953 1304 1016 sesto,
1336 951 1552 1001 alteram
1584 968 1680 1016 pro
1708 948 2000 1013 defuncto,
2033 950 2066 999 l.
2093 948 2143 999 ³.
2167 964 2213 999 c.
2234 946 2325 997 22.
2357 964 2410 997 n.

876 1036 959 1087 12.
991 1040 1042 1090 Si
1072 1037 1348 1090 defunctus
1378 1037 1509 1090 adeo
1540 1054 1734 1106 egenus
1772 1037 1954 1100 fuerit,
1984 1046 2039 1087 ut
2069 1038 2299 1104 gratuito
2353 1035 2410 1087 in

872 1125 1145 1188 Parocbia,
1173 1129 1253 1179 rel
1282 1128 1334 1177 iu
1364 1127 1706 1182 Nosocomiis
1735 1124 2075 1194 sepeliendus
2104 1126 2171 1175 sit
2193 1161 2207 1186 ,
2249 1124 2411 1176 Paro-

868 1212 1010 1279 cbis,
1035 1223 1085 1266 et
1107 1215 1561 1267 Nosocomiornm
1581 1213 1861 1264 Praefectis
1884 1214 2054 1262 variae
2076 1212 2415 1264 insinuantur

873 1304 1125 1364 rationes,
1155 1302 1349 1371 quibus
1374 1301 1662 1354 commode
1691 1299 1921 1353 obtineri
1951 1300 2145 1370 possit,
2172 1317 2239 1351 ne
2267 1298 2416 1350 cada-

870 1409 991 1443 vera
1017 1392 1354 1459 sepeliantur,
1375 1391 1503 1460 quin
1530 1391 1679 1459 prius
1700 1391 1892 1441 saltem
1917 1406 2018 1441 una
2044 1390 2205 1443 Missa
2232 1405 2412 1441 coram

871 1479 1006 1547 ipsis
1027 1478 1348 1542 celebretur,
1377 1495 1429 1529 n.
1462 1479 1546 1531 ¹⁸.
1577 1485 1582 1492 “

1480 1602 1783 1656 Denan'um
1805 1639 1816 1651 .

981 1744 1462 1812 DenariiFiguram
1492 1758 1588 1795 eur
1604 1743 1781 1794 Hostia
1814 1739 2015 1793 babeat.
2055 1742 2116 1792 V.
2156 1740 2376 1792 Hostia.

1446 1868 1563 1920 Deo
1587 1865 1799 1934 gratias
1822 1905 1834 1917 .

980 2010 1097 2060 Vox
1126 2015 1204 2060 est
1229 2004 1623 2076 antiquissima:
1649 2006 1955 2058 Donatistae
1981 2006 2125 2057 illam
2157 2005 2323 2074 impie
2349 2003 2418 2056 ir-

873 2095 1138 2157 ridebant,
1178 2093 1374 2145 dicitur
1399 2101 1520 2162 post
1545 2094 1859 2161 Epistulam,
1890 2103 1991 2144 tam
2021 2093 2074 2143 in
2102 2094 2282 2144 Missis
2309 2091 2417 2159 pri·

873 2186 1025 2245 vatis,
1052 2199 1208 2253 quam
1236 2183 1291 2233 in
1321 2180 1656 2234 solemnibus
1676 2219 1690 2243 ,
1722 2183 1754 2232 1.
1775 2181 1831 2232 2.
1861 2199 1907 2232 c.
1934 2184 1985 2234 δ.
2015 2198 2065 2230 n.
2099 2182 2181 2232 13.
2211 2181 2417 2233 Dicitur

877 2273 1036 2325 etiam
1066 2280 1187 2341 post
1210 2274 1291 2322 lte
1307 2269 1479 2322 Missa
1504 2281 1598 2329 ese,
1626 2270 1705 2321 vel
1728 2268 2127 2323 Benedicamus
2147 2269 2415 2321 Domino:

872 2368 925 2412 at
954 2359 1144 2412 Clerici
1181 2356 1443 2408 Ecclesiae
1467 2355 1780 2408 parisiensis
1820 2357 1963 2407 illam
1996 2356 2266 2414 omittunt.
2287 2356 2416 2407 Fal·

872 2463 990 2500 sum
1033 2454 1111 2497 est
1161 2445 1308 2496 illam
1354 2460 1469 2496 esse
1496 2442 1824 2495 additionem
1855 2444 2114 2513 aliquam;
2153 2452 2232 2494 est
2269 2444 2414 2495 enim

870 2542 1104 2588 vetustus
1134 2534 1262 2585 ritus
1282 2570 1297 2597 ,
1325 2548 1367 2583 c.
1389 2531 1481 2584 2⁴.
1503 2548 1553 2581 n.
1585 2533 1856 2584 3.D'citur
1872 2548 2087 2600 quoque
2111 2538 2231 2598 post
2256 2532 2417 2586 Evan-

870 2620 1067 2690 gelium
1100 2621 1149 2671 S.
1176 2619 1431 2680 Joannis,
1476 2628 1530 2669 ut
1559 2619 1803 2669 Missa‘in
1834 2617 2117 2686 gratiarum
2149 2615 2415 2670 actionem

870 2707 1103 2770 desinat,
1131 2723 1184 2757 n.
1209 2706 1260 2758 8.

1502 2832 1745 2883 Dea-tera
1772 2869 1781 2879 .

895 3001 900 3005 ·
981 2973 1200 3024 Dextera
1213 2968 1371 3022 Altari
1402 2969 1559 3022 solim
1575 2978 1703 3035 erat,
1719 2988 1852 3038 quae
1867 2969 2105 3023 dexterae
2118 2969 2417 3022 Sacerdotis

875 3060 940 3112 ad
964 3059 1136 3124 Altare
1163 3058 1403 3111 conversi
1430 3057 1816 3126 respondebat;
1845 3075 1985 3109 nunc
2004 3066 2102 3120 est,
2129 3076 2261 3127 quae
2286 3058 2419 3110 Cru-

872 3146 1013 3201 citixi
1040 3146 1280 3199 dexterae
1307 3143 1596 3215 respondet
1621 3144 1766 3199 idem
1794 3164 1914 3198 cum
1956 3145 2311 3215 proportione
2338 3144 2417 3197 di-

873 3234 1098 3289 cendum
1128 3234 1195 3287 de
1219 3234 1465 3298 sinistra,
1496 3234 1531 3285 1.
1563 3235 1611 3283 1.
1641 3250 1686 3285 c.
1716 3234 1767 3284 4.
1798 3249 1851 3285 n.
1885 3236 1933 3285 1.

1504 3355 1791 3410 Diabolus.

973 3498 1238 3552 Diabolus
1274 3497 1329 3547 in
1360 3497 1752 3549 Haereticorum
1787 3498 2052 3566 mysteriis
2096 3506 2409 3567 potestatem

867 3587 1057 3651 habet,
1089 3589 1123 3639 1.
1163 3585 1214 3637 3.
1243 3601 1288 3636 c.
1320 3586 1404 3636 15.
1431 3600 1486 3636 n.
1510 3583 1595 3636 12.

1510 3709 1731 3778 Digitus
1754 3749 1767 3762 .

979 3847 1142 3916 Digiti
1192 3848 1401 3916 pollex,
1441 3855 1494 3900 et
1531 3845 1688 3900 index
1720 3848 1942 3916 sejuncti
1985 3857 2105 3918 post
2128 3850 2412 3902 Consecra-

872 3938 1075 3989 tionem
1107 3943 1379 3999 tenentur,
1427 3933 1494 3986 ne
1522 3932 1564 3985 si
1594 3952 1694 4003 qua
1726 3936 1986 4002 particula
2013 3935 2196 4006 digitis
2223 3936 2412 3989 adhae-

867 4024 1013 4089 serit,
1042 4023 1403 4093 dispergatur,
1431 4023 1467 4074 1.
1492 4020 1547 4072 2.
1576 4038 1621 4073 c.
1661 4022 1729 4073 16
1770 4039 1820 4074 n.
1849 4023 1905 4075 9.

1470 4144 1775 4214 Βὶἱίςεηεία
1790 4185 1802 4198 .

974 4287 1267 4355 Diligentia
1304 4301 1512 4336 summa
1544 4284 1761 4336 moralis
1789 4304 1815 4336 a
1847 4283 2240 4350 Sacerdotibus,
2273 4293 2411 4336 ante·

869 4394 1026 4445 quam
1054 4376 1273 4426 Missam
1301 4372 1599 4435 celebrent,
1647 4370 1944 4425 adhibenda
1964 4414 1982 4439 ,
2037 4382 2090 4425 ut
2120 4370 2406 4440 depreben-

871 4464 1015 4525 dant,
1045 4478 1106 4513 an
1136 4460 1343 4529 indigni
1370 4459 1507 4523 sint,
1539 4460 1573 4509 l.
1601 4459 1653 4512 3.
1682 4477 1729 4511 c.
1755 4460 1825 4510 22
1875 4478 1927 4510 n.
1957 4460 2008 4512 3.

1483 4581 1766 4651 Diptyclea
1790 4622 1801 4634 .

979 4719 1233 4791 Diptycba
1255 4727 1359 4772 tres
1380 4728 1528 4772 erant
1552 4720 1762 4773 Asseres
1790 4721 1861 4772 ita
1886 4722 2077 4789 juncti,
2107 4732 2162 4775 ut
2188 4721 2413 4790 compli-

870 4809 974 4863 cari
998 4817 1246 4878 possent.
1267 4808 1327 4860 ln
1356 4807 1590 4877 primum
1619 4808 1841 4859 nomina
1869 4809 2231 4863 referebantur
2255 4809 2308 4859 B.
2338 4810 2409 4859 M.

870 4894 1541 4966 Virginis,Apostolorum,
1566 4901 1615 4944 et
1638 4893 1866 4946 aliorum
1896 4892 2238 4947 Sanctorum:
2269 4895 2322 4945 in
2344 4896 2413 4945 al-

873 4993 1041 5037 terum
1064 4981 1281 5033 nomina
1307 4983 1530 5033 Romani
1556 4981 1854 5044 pontificis,
1893 4992 1944 5034 et
1983 4983 2207 5034 aliorum
2237 4982 2412 5034 viven-

872 5075 1005 5123 tium
1053 5054 1306 5141 dignitate
1354 5070 1528 5137 aliqua
1577 5069 1940 5122 Ecclesiastica
1964 5105 1982 5133 ,
2025 5071 2106 5121 vel
2160 5070 2409 5121 saeculari

871 5158 1331 5229 praecellentium,
1373 5165 1460 5207 aut
1486 5156 1549 5209 de
1577 5158 1809 5209 Ecclesia
1836 5158 2039 5227 optime
2068 5157 2409 5209 meritorum.

872 5247 1088 5299 Tertius
1127 5241 1353 5294 babebat
1379 5243 1599 5293 nomina
1624 5260 1834 5310 eorum,
1871 5244 1962 5313 qui
1993 5243 2046 5293 in
2076 5241 2411 5295 communio-

863 5347 938 5382 -ne
963 5330 1230 5383 Fidelium
1261 5326 1457 5379 mortui
1478 5337 1675 5380 esseut.
1716 5329 1863 5382 Inter
1901 5329 2181 5381 offerentes
2209 5330 2406 5397 praeci·

2622 866 2682 916 In
2713 864 2883 932 prima
2919 875 3063 933 parte
3090 865 3349 917 orationis
3396 870 3598 934 primae
3624 870 3857 920 Canouis
3877 907 3890 930 ,
3921 869 4054 918 idest

2523 951 2598 1002 Te
2624 951 2818 1019 Igitur,
2846 955 2987 1019 juxta
3017 955 3312 1005 Romanum
3347 957 3503 1006 ritum
3536 957 3737 1006 Summi
3770 959 4054 1024 praecipue

2511 1039 2823 1107 Pontificis,
2865 1049 2915 1093 et
2938 1043 3191 1111 Episcopi
3244 1046 3443 1095 mentio
3485 1045 3714 1095 tiebantz
3745 1046 3799 1094 in
3829 1044 4055 1095 secunda

2514 1127 2718 1179 scilicet
2747 1129 3019 1181 Memento
3049 1132 3457 1199 praecipuorum
3499 1131 3833 1182 offerentium
3862 1170 3875 1192 ,
3906 1150 3962 1182 ac
3992 1131 4059 1184 de

2511 1214 2744 1265 Ecclesia
2793 1217 3000 1284 optime
3050 1218 3395 1268 meritorum:
3437 1219 3489 1268 in
3538 1219 3686 1270 tertia
3726 1217 3861 1268 idest
3907 1219 4057 1271 Com·

2513 1301 2854 1354 manicantes
2896 1303 3331 1356 memorabantur
3370 1306 3580 1356 Sancti:
3623 1315 3743 1370 post
3782 1323 4057 1356 consecra-

2515 1389 2718 1440 tionem
2781 1391 3215 1442 memorabantur
3262 1393 3503 1444 Defuncti
3535 1432 3546 1443 .
3598 1394 4054 1446 Consuetudinem

2514 1479 2683 1544 palam
2715 1478 2777 1528 ad
2819 1479 2988 1532 Altare
3015 1481 3238 1530 nomina
3279 1480 3617 1533 offe-rentium
3661 1481 4054 1547 pronunciandi

2513 1569 2731 1620 Sanctus
2755 1568 3106 1635 Hieronymus
3136 1584 3246 1618 non
3276 1569 3399 1619 satis
3427 1569 3684 1637 probasse
3705 1569 3938 1619 videtur:
3965 1568 4061 1619 ob-

2514 1657 2704 1708 solevit
2732 1664 2901 1707 autem
2942 1655 3068 1706 haec
3109 1657 3440 1707 consuetudo
3470 1657 3678 1708 saeculo
3699 1656 4022 1707 duodecimo
4045 1696 4057 1719 ,

2514 1742 2584 1794 ib.
2614 1744 2794 1795 Missis
2826 1745 3042 1811 privatis
3071 1743 3328 1796 Sacerdos
3353 1781 3367 1806 ,
3415 1747 3468 1794 in
3503 1735 3835 1794 solemnibus
3873 1744 4060 1795 Diaco-

2515 1846 2645 1893 nus,
2684 1838 2736 1883 et
2773 1829 3141 1882 subdiaconus
3181 1831 3401 1881 nomina
3442 1831 3761 1891 recitabant,
3802 1830 3858 1881 ib

2621 1918 2680 1969 In
2709 1918 2985 1986 Diptycbis
3011 1921 3349 1970 Mortuerum
3383 1920 3604 1968 nomina
3633 1918 3732 1968 alta
3763 1935 3890 1969 voce
3929 1919 4062 1969 reci-

2516 2000 2775 2068 tabantur,
2803 2014 2849 2056 et
2891 2005 2942 2054 in
2978 2004 3046 2055 iis
3073 2004 3328 2073 Episcopi
3358 2004 3448 2074 ψιί
3479 2005 3768 2055 Ecclesiam
3800 2012 4058 2065 rexerant,

2516 2091 2714 2160 aliique
2741 2093 2966 2143 aliarum
3002 2092 3339 2144 Dioecesinm
3378 2090 3822 2154 nominabantur,
3861 2091 3950 2160 qui
4003 2092 4061 2143 in

2514 2178 2786 2232 Catholica
2814 2179 2949 2232 Fide
2974 2218 2988 2242 ,
3041 2188 3090 2231 et
3132 2180 3515 2231 communione
3542 2179 3819 2231 obierant:
3858 2179 4011 2231 aliter
4034 2198 4065 2233 e

2519 2267 2692 2318 Sacris
2718 2268 2994 2336 Diptycbis
3033 2266 3498 2335 expungebantur,
3537 2269 3570 2318 1.
3597 2267 3648 2316 2.
3680 2283 3724 2318 c.
3753 2267 3839 2318 17.
3879 2284 3930 2317 n.
3960 2267 4011 2317 Α.

2627 2356 2798 2408 Sacris
2836 2355 3113 2423 Diptycbis
3153 2357 3283 2405 olim
3312 2354 3532 2404 nomina
3575 2372 3758 2404 eorum
3790 2355 4065 2421 consigna·

2516 2440 2728 2503 bantur,
2754 2443 2845 2510 qui
2876 2443 3162 2493 Ecclesiam
3196 2440 3532 2492 facultatibus
3563 2441 3672 2490 suis
3700 2449 3977 2499 atnxerant,
4008 2450 4065 2490 ut

2517 2546 2616 2597 pro
2645 2529 2727 2579 bis
2753 2529 3183 2581 Benefactoribus
3208 2544 3388 2596 preces
3415 2526 3833 2589 effunderentur,
3861 2537 3909 2577 et
3937 2529 4067 2578 Mis-

2517 2635 2602 2670 sae
2629 2618 2954 2669 Sacrificium
2985 2617 3288 2668 offerretur.
3334 2616 3542 2667 Idcirco
3574 2615 3698 2665 baec
3722 2615 3981 2683 Diptycba
4010 2617 4063 2665 in

2515 2704 2836 2774 quibusdam
2868 2705 3119 2756 Ecclesiis
3149 2703 3219 2754 ob
3250 2705 3435 2753 oculos
3465 2702 3768 2755 Sacerdotis
3796 2703 4067 2754 celebran-

2517 2793 2586 2844 tis
2615 2793 3046 2861 apponebantur.
3091 2789 3334 2859 Append.
3363 2790 3417 2842 7.
3450 2789 3498 2862 §-
3539 2789 3625 2841 ss.

3095 2913 3446 2982 Dis-pensatio
3472 2951 3482 2963 .

2625 3051 2961 3123 Dispensatio
2989 3050 3141 3104 Sedis
3169 3050 3503 3120 Apostolicae
3551 3049 3843 3102 necessaria
3869 3057 3976 3116 est,
4007 3059 4066 3102 nt

2514 3140 2637 3211 quis
2665 3148 2801 3194 tecto
2830 3139 3000 3209 capite
3024 3138 3241 3192 Missam
3284 3137 3542 3201 celebret,
3574 3137 3610 3189 1.
3653 3138 3696 3188 1.
3741 3153 3786 3189 e.
3825 3139 3877 3190 9.
3910 3153 3962 3190 n.
4005 3137 4059 3189 8.

3104 3262 3434 3316 Distributio
3455 3303 3465 3314 .

2623 3402 3040 3457 Distributiones
3076 3420 3104 3454 a
3143 3401 3467 3471 quibusdam
3493 3401 3780 3455 Canonicis
3808 3402 4058 3453 amittun-

2513 3499 2617 3555 tur,
2655 3492 2746 3561 qui
2775 3493 2996 3543 Missam
3018 3491 3436 3544 conventualem
3469 3489 3735 3542 celebrare
3762 3490 4058 3559 negligunt,

2516 3580 2553 3630 1.
2590 3579 2640 3630 3.
2676 3596 2722 3630 ο.
2748 3578 2797 3630 3.
2820 3595 2876 3629 n.
2914 3579 2966 3630 4.

2620 3669 2698 3719 Ex
2724 3665 3163 3718 distributionum
3191 3682 3360 3717 massa
3381 3664 3708 3717 desumenda
3726 3673 3802 3716 est
3826 3663 4062 3732 aliquan·

2513 3753 2584 3805 do
2634 3756 3003 3822 eleemosyna,
3044 3761 3096 3804 ut
3126 3752 3387 3804 tribuatur
3425 3752 3784 3818 beneficiatis,
3824 3760 3877 3804 et
3910 3754 4059 3803 Man-

2513 3840 2765 3893 sionariis
2794 3841 3017 3909 alicujus
3053 3841 3336 3904 Ecclesiae,
3357 3840 3449 3909 qui
3476 3840 3693 3891 Missam
3723 3828 4055 3893 Conventus·

2511 3929 2614 3981 lem
2655 3936 2879 3992 canunt,
2925 3936 2978 3981 et
3010 3927 3442 3989 Benefactoribus
3482 3928 3774 3996 applicant.
3818 3927 3957 3996 App.
4002 3926 4056 3978 7.

2511 4014 2559 4089 5.
2601 4014 2686 4066 18.

3160 4133 3371 4190 Diuites
3384 4175 3396 4188 .

2614 4274 2815 4329 Divites
2846 4278 2900 4327 in
2931 4274 3249 4346 quibusdam
3281 4272 3521 4325 melioris
3546 4281 3672 4324 sunt
3695 4270 4051 4345 conditionis,

2509 4378 2665 4432 quam
2690 4363 2968 4433 pauperes,
2997 4363 3040 4415 si
3070 4372 3242 4415 tamen
3271 4360 3498 4414 fortunis
3525 4360 3634 4412 suis
3661 4359 3797 4412 bene
3824 4366 4052 4422 utantur,

2510 4452 2545 4503 1.
2575 4450 2624 4504 3.
2654 4467 2697 4502 c.
2725 4450 2816 4503 22.
2845 4468 2894 4503 n.
2928 4451 3010 4503 ss.

3162 4576 3389 4628 Ductor.

2616 4712 2867 4764 Doctoris
2895 4709 3083 4781 gradus
3123 4708 3431 4763 conferendi
3464 4725 3579 4759 mos
3615 4704 3886 4760 Bononiae
3913 4706 4058 4760 inva-

2511 4799 2673 4852 luisse
2727 4800 2958 4864 dicitur,
3000 4809 3124 4869 pose
3174 4800 3319 4868 App.
3371 4797 3452 4848 13.
3503 4795 3562 4847 in
3605 4791 3792 4862 Praqfi
3845 4794 4051 4847 Bened.

2511 4890 2666 4941 XIV.
2697 4903 2748 4937 n.
2775 4887 2826 4939 7.

3049 5013 3195 5063 Dom
3207 5008 3358 5061 inico
3373 5009 3435 5060 ni
3453 5046 3464 5059 .

2616 5148 2995 5201 Dominicanus
3054 5145 3205 5200 Ordo
3258 5145 3665 5215 sapientissimis
3724 5143 4050 5198 Ductoribus

2511 5238 2641 5289 olim
2670 5235 2940 5288 Bononiae
2965 5233 3180 5299 floruit,
3215 5246 3339 5304 post
3367 5231 3601 5303 Append
3645 5233 3728 5284 13.
3764 5233 3820 5283 {n
3857 5228 4053 5297 Praes

2512 5322 2712 5377 Bened.
2741 5326 2896 5376 XIV.
2928 5340 2977 5372 n.
3007 5325 3057 5374 8.
