<?xml version="1.0" encoding="UTF-8"?>
<!DOCTYPE html PUBLIC "-//W3C//DTD XHTML 1.0 Transitional//EN"
    "http://www.w3.org/TR/xhtml1/DTD/xhtml1-transitional.dtd">
<html xmlns="http://www.w3.org/1999/xhtml" xml:lang="en" lang="en">
 <head>
  <title>
</title>
<meta http-equiv="Content-Type" content="text/html;charset=utf-8" />
  <meta name='ocr-system' content='tesseract 3.04.00' />
  <meta name='ocr-capabilities' content='ocr_page ocr_carea ocr_par ocr_line ocrx_word'/>
</head>
<body>
  <div class='ocr_page' id='page_1' title='image "benedictixivpon00xivgoog_0405.png"; bbox 0 0 4487 6316; ppageno 0'>
   <div class='ocr_carea' id='block_1_1' title="bbox 1800 519 2297 586">
    <p class='ocr_par' dir='ltr' id='par_1_1' title="bbox 1800 519 2297 586">
     <span class='ocr_line' id='line_1_1' title="bbox 1800 519 2297 586; baseline -0.004 -7"><span class='ocrx_word' id='word_1_1' title='bbox 1800 519 2132 586; x_wconf 55' lang='lat' dir='ltr'><strong>artu-:Num</strong></span> <span class='ocrx_word' id='word_1_2' title='bbox 2166 526 2297 579; x_wconf 80' lang='lat' dir='ltr'><strong>XXI.</strong></span> 
     </span>
    </p>
   </div>
   <div class='ocr_carea' id='block_1_2' title="bbox 522 674 1987 838">
    <p class='ocr_par' dir='ltr' id='par_1_2' title="bbox 522 674 1987 838">
     <span class='ocr_line' id='line_1_2' title="bbox 522 674 1987 756; baseline -0.009 -15"><span class='ocrx_word' id='word_1_3' title='bbox 522 702 649 742; x_wconf 76' lang='lat' dir='ltr'><strong>rum</strong></span> <span class='ocrx_word' id='word_1_4' title='bbox 678 680 1168 756; x_wconf 69' lang='lat' dir='ltr'><strong>Celeremoniarnm</strong></span> <span class='ocrx_word' id='word_1_5' title='bbox 1199 677 1548 754; x_wconf 66' lang='lat' dir='ltr'><strong>Magyistrnm</strong></span> <span class='ocrx_word' id='word_1_6' title='bbox 1573 674 1637 733; x_wconf 81' lang='lat' dir='ltr'><strong>de</strong></span> <span class='ocrx_word' id='word_1_7' title='bbox 1666 674 1987 733; x_wconf 77' lang='lat' dir='ltr'><strong>celebratio-</strong></span> 
     </span>
     <span class='ocr_line' id='line_1_3' title="bbox 525 777 1165 838; baseline -0.009 0"><span class='ocrx_word' id='word_1_8' title='bbox 525 799 594 838; x_wconf 81' lang='lat' dir='ltr'><strong>ne</strong></span> <span class='ocrx_word' id='word_1_9' title='bbox 628 778 840 838; x_wconf 78' lang='lat' dir='ltr'><strong>Missae</strong></span> <span class='ocrx_word' id='word_1_10' title='bbox 868 797 904 835; x_wconf 90' lang='lat' dir='ltr'><strong>a.</strong></span> <span class='ocrx_word' id='word_1_11' title='bbox 934 777 1165 834; x_wconf 80' lang='lat' dir='ltr'><strong>sedente.</strong></span> 
     </span>
    </p>
   </div>
   <div class='ocr_carea' id='block_1_3' title="bbox 3372 536 3469 586">
    <p class='ocr_par' dir='ltr' id='par_1_3' title="bbox 3372 536 3469 586">
     <span class='ocr_line' id='line_1_4' title="bbox 3372 536 3469 586; baseline 0.021 -2"><span class='ocrx_word' id='word_1_12' title='bbox 3372 536 3469 586; x_wconf 65' lang='lat' dir='ltr'><strong>³·ss</strong></span> 
     </span>
    </p>
   </div>
   <div class='ocr_carea' id='block_1_4' title="bbox 2098 670 3658 760">
    <p class='ocr_par' dir='ltr' id='par_1_4' title="bbox 2098 670 3658 760">
     <span class='ocr_line' id='line_1_5' title="bbox 2098 670 3658 760; baseline 0.005 -28"><span class='ocrx_word' id='word_1_13' title='bbox 2098 670 2721 750; x_wconf 55' lang='lat' dir='ltr'><strong>stitisssconsecratione</strong></span> <span class='ocrx_word' id='word_1_14' title='bbox 2742 678 3063 751; x_wconf 80' lang='lat' dir='ltr'><strong>celebrata,</strong></span> <span class='ocrx_word' id='word_1_15' title='bbox 3085 699 3158 744; x_wconf 78' lang='lat' dir='ltr'><strong>ex</strong></span> <span class='ocrx_word' id='word_1_16' title='bbox 3183 695 3305 760; x_wconf 83' lang='lat' dir='ltr'><strong>qua</strong></span> <span class='ocrx_word' id='word_1_17' title='bbox 3318 679 3512 741; x_wconf 86' lang='lat' dir='ltr'><strong>Sacris</strong></span> <span class='ocrx_word' id='word_1_18' title='bbox 3535 699 3658 742; x_wconf 88' lang='lat' dir='ltr'><strong>am-</strong></span> 
     </span>
    </p>
   </div>
   <div class='ocr_carea' id='block_1_5' title="bbox 2103 769 3655 949">
    <p class='ocr_par' dir='ltr' id='par_1_5' title="bbox 2103 769 3655 949">
     <span class='ocr_line' id='line_1_6' title="bbox 2103 769 3654 854; baseline 0.005 -25"><span class='ocrx_word' id='word_1_19' title='bbox 2103 769 2263 848; x_wconf 83' lang='lat' dir='ltr'><strong>plius</strong></span> <span class='ocrx_word' id='word_1_20' title='bbox 2283 772 2510 850; x_wconf 84' lang='lat' dir='ltr'><strong>operati</strong></span> <span class='ocrx_word' id='word_1_21' title='bbox 2538 791 2657 832; x_wconf 90' lang='lat' dir='ltr'><strong>non</strong></span> <span class='ocrx_word' id='word_1_22' title='bbox 2686 793 2915 844; x_wconf 87' lang='lat' dir='ltr'><strong>sumus,</strong></span> <span class='ocrx_word' id='word_1_23' title='bbox 2945 774 3195 854; x_wconf 78' lang='lat' dir='ltr'><strong>pedibus</strong></span> <span class='ocrx_word' id='word_1_24' title='bbox 3223 774 3392 835; x_wconf 86' lang='lat' dir='ltr'><strong>nulla</strong></span> <span class='ocrx_word' id='word_1_25' title='bbox 3420 776 3654 836; x_wconf 85' lang='lat' dir='ltr'><strong>ratione</strong></span> 
     </span>
     <span class='ocr_line' id='line_1_7' title="bbox 2108 864 3655 949; baseline 0.003 -27"><span class='ocrx_word' id='word_1_26' title='bbox 2108 864 2227 923; x_wconf 82' lang='lat' dir='ltr'><strong>Nos</strong></span> <span class='ocrx_word' id='word_1_27' title='bbox 2254 865 2548 926; x_wconf 85' lang='lat' dir='ltr'><strong>sustinere</strong></span> <span class='ocrx_word' id='word_1_28' title='bbox 2579 865 2950 940; x_wconf 84' lang='lat' dir='ltr'><strong>valentibns;</strong></span> <span class='ocrx_word' id='word_1_29' title='bbox 2982 868 3199 928; x_wconf 88' lang='lat' dir='ltr'><strong>diebus</strong></span> <span class='ocrx_word' id='word_1_30' title='bbox 3228 887 3400 941; x_wconf 79' lang='lat' dir='ltr'><strong>vero,</strong></span> <span class='ocrx_word' id='word_1_31' title='bbox 3430 869 3655 949; x_wconf 75' lang='lat' dir='ltr'><strong>quibus</strong></span> 
     </span>
    </p>
   </div>
   <div class='ocr_carea' id='block_1_6' title="bbox 454 957 3655 1040">
    <p class='ocr_par' dir='ltr' id='par_1_6' title="bbox 454 957 3655 1040">
     <span class='ocr_line' id='line_1_8' title="bbox 454 957 3655 1040; baseline 0 -16"><span class='ocrx_word' id='word_1_32' title='bbox 454 964 672 1024; x_wconf 77' lang='lat' dir='ltr'><strong>Ditecto</strong></span> <span class='ocrx_word' id='word_1_33' title='bbox 698 964 847 1024; x_wconf 77' lang='lat' dir='ltr'><strong>Filio</strong></span> <span class='ocrx_word' id='word_1_34' title='bbox 881 963 1172 1040; x_wconf 72' lang='lat' dir='ltr'><strong>Mayistro</strong></span> <span class='ocrx_word' id='word_1_35' title='bbox 1208 960 1431 1038; x_wconf 66' lang='lat' dir='ltr'><strong>[quatio</strong></span> <span class='ocrx_word' id='word_1_36' title='bbox 1459 960 1627 1019; x_wconf 60' lang='lat' dir='ltr'><strong>Reate</strong></span> <span class='ocrx_word' id='word_1_37' title='bbox 1652 957 2004 1037; x_wconf 65' lang='lat' dir='ltr'><strong>apostolica·</strong></span> <span class='ocrx_word' id='word_1_38' title='bbox 2108 957 2339 1037; x_wconf 82' lang='lat' dir='ltr'>alioqui</span> <span class='ocrx_word' id='word_1_39' title='bbox 2382 959 2561 1021; x_wconf 87' lang='lat' dir='ltr'><strong>Sacra</strong></span> <span class='ocrx_word' id='word_1_40' title='bbox 2605 961 2798 1023; x_wconf 81' lang='lat' dir='ltr'><strong>facere</strong></span> <span class='ocrx_word' id='word_1_41' title='bbox 2836 982 3337 1025; x_wconf 75' lang='lat' dir='ltr'>consueveramus</span> <span class='ocrx_word' id='word_1_42' title='bbox 3364 1009 3380 1035; x_wconf 90' lang='lat'><strong>,</strong></span> <span class='ocrx_word' id='word_1_43' title='bbox 3427 984 3655 1025; x_wconf 80' lang='lat' dir='ltr'><strong>sacram</strong></span> 
     </span>
    </p>
   </div>
   <div class='ocr_carea' id='block_1_7' title="bbox 738 1053 1714 1133">
    <p class='ocr_par' dir='ltr' id='par_1_7' title="bbox 738 1053 1714 1133">
     <span class='ocr_line' id='line_1_9' title="bbox 738 1053 1714 1133; baseline -0.007 -15"><span class='ocrx_word' id='word_1_44' title='bbox 738 1077 869 1118; x_wconf 79' lang='lat' dir='ltr'><strong>rum</strong></span> <span class='ocrx_word' id='word_1_45' title='bbox 899 1056 1395 1117; x_wconf 76' lang='lat' dir='ltr'><strong>Caeremoniaram</strong></span> <span class='ocrx_word' id='word_1_46' title='bbox 1416 1053 1714 1133; x_wconf 71' lang='lat' dir='ltr'><strong>praefecta.</strong></span> 
     </span>
    </p>
   </div>
   <div class='ocr_carea' id='block_1_8' title="bbox 775 1240 1684 1307">
    <p class='ocr_par' dir='ltr' id='par_1_8' title="bbox 775 1240 1684 1307">
     <span class='ocr_line' id='line_1_10' title="bbox 775 1240 1684 1307; baseline -0.009 0"><span class='ocrx_word' id='word_1_47' title='bbox 775 1244 1254 1307; x_wconf 84' lang='lat' dir='ltr'><strong>BENEDICTUS</strong></span> <span class='ocrx_word' id='word_1_48' title='bbox 1281 1244 1482 1304; x_wconf 76' lang='lat' dir='ltr'>PAPA</span> <span class='ocrx_word' id='word_1_49' title='bbox 1515 1240 1684 1303; x_wconf 83' lang='lat' dir='ltr'><strong>XIV.</strong></span> 
     </span>
    </p>
   </div>
   <div class='ocr_carea' id='block_1_9' title="bbox 461 1425 2032 5576">
    <p class='ocr_par' dir='ltr' id='par_1_9' title="bbox 461 1425 2014 3193">
     <span class='ocr_line' id='line_1_11' title="bbox 538 1425 1929 1509; baseline -0.005 -16"><span class='ocrx_word' id='word_1_50' title='bbox 538 1433 749 1493; x_wconf 70' lang='lat' dir='ltr'><strong>Dilecta</strong></span> <span class='ocrx_word' id='word_1_51' title='bbox 795 1433 915 1494; x_wconf 75' lang='lat' dir='ltr'><strong>Fili</strong></span> <span class='ocrx_word' id='word_1_52' title='bbox 939 1479 954 1502; x_wconf 93' lang='lat'><strong>,</strong></span> <span class='ocrx_word' id='word_1_53' title='bbox 1003 1430 1265 1492; x_wconf 80' lang='lat' dir='ltr'><strong>Salutem</strong></span> <span class='ocrx_word' id='word_1_54' title='bbox 1291 1479 1304 1499; x_wconf 84' lang='lat'><strong>‚</strong></span> <span class='ocrx_word' id='word_1_55' title='bbox 1337 1427 1387 1490; x_wconf 72' lang='grc' dir='ltr'><strong>ἐι</strong></span> <span class='ocrx_word' id='word_1_56' title='bbox 1418 1429 1796 1509; x_wconf 73' lang='lat' dir='ltr'><strong>Apostolicam</strong></span> <span class='ocrx_word' id='word_1_57' title='bbox 1821 1425 1929 1486; x_wconf 84' lang='lat' dir='ltr'><strong>Be-</strong></span> 
     </span>
     <span class='ocr_line' id='line_1_12' title="bbox 600 1527 1420 1586; baseline -0.005 1"><span class='ocrx_word' id='word_1_58' title='bbox 600 1564 603 1567; x_wconf 77' lang='grc'><em>·</em></span> <span class='ocrx_word' id='word_1_59' title='bbox 874 1561 880 1566; x_wconf 88' lang='grc'><strong>-</strong></span> <span class='ocrx_word' id='word_1_60' title='bbox 1034 1527 1420 1586; x_wconf 84' lang='lat' dir='ltr'><strong>nedietionem.</strong></span> 
     </span>
     <span class='ocr_line' id='line_1_13' title="bbox 466 1665 2007 1793; baseline -0.008 -13"><span class='ocrx_word' id='word_1_61' title='bbox 466 1665 720 1780; x_wconf 83' lang='lat' dir='ltr'><strong>AEstas</strong></span> <span class='ocrx_word' id='word_1_62' title='bbox 751 1712 896 1776; x_wconf 82' lang='lat' dir='ltr'><strong>anni</strong></span> <span class='ocrx_word' id='word_1_63' title='bbox 948 1718 1118 1773; x_wconf 85' lang='grc'><strong>1756.</strong></span> <span class='ocrx_word' id='word_1_64' title='bbox 1156 1711 1428 1793; x_wconf 76' lang='lat' dir='ltr'><strong>proxime</strong></span> <span class='ocrx_word' id='word_1_65' title='bbox 1463 1708 1774 1790; x_wconf 82' lang='lat' dir='ltr'><strong>praeteriti</strong></span> <span class='ocrx_word' id='word_1_66' title='bbox 1820 1707 2007 1770; x_wconf 76' lang='lat' dir='ltr'><strong>variis</strong></span> 
     </span>
     <span class='ocr_line' id='line_1_14' title="bbox 461 1806 2005 1891; baseline -0.005 -20"><span class='ocrx_word' id='word_1_67' title='bbox 461 1810 727 1891; x_wconf 49' lang='lat' dir='ltr'><strong>eorporis</strong></span> <span class='ocrx_word' id='word_1_68' title='bbox 757 1807 1177 1871; x_wconf 75' lang='lat' dir='ltr'><strong>afflictionibus</strong></span> <span class='ocrx_word' id='word_1_69' title='bbox 1202 1808 1322 1868; x_wconf 92' lang='lat' dir='ltr'><strong>Nos</strong></span> <span class='ocrx_word' id='word_1_70' title='bbox 1346 1806 1658 1887; x_wconf 70' lang='lat' dir='ltr'><strong>oppressit,</strong></span> <span class='ocrx_word' id='word_1_71' title='bbox 1691 1824 1873 1884; x_wconf 76' lang='lat' dir='ltr'><strong>quaS,</strong></span> <span class='ocrx_word' id='word_1_72' title='bbox 1906 1823 2005 1864; x_wconf 87' lang='lat' dir='ltr'><strong>ae-</strong></span> 
     </span>
     <span class='ocr_line' id='line_1_15' title="bbox 465 1899 2007 1984; baseline -0.006 -16"><span class='ocrx_word' id='word_1_73' title='bbox 465 1915 557 1967; x_wconf 81' lang='lat' dir='ltr'><strong>tas</strong></span> <span class='ocrx_word' id='word_1_74' title='bbox 588 1913 790 1966; x_wconf 90' lang='lat' dir='ltr'><strong>nostra</strong></span> <span class='ocrx_word' id='word_1_75' title='bbox 816 1903 1018 1984; x_wconf 82' lang='lat' dir='ltr'><strong>gravis</strong></span> <span class='ocrx_word' id='word_1_76' title='bbox 1047 1902 1369 1964; x_wconf 80' lang='lat' dir='ltr'><strong>admodum</strong></span> <span class='ocrx_word' id='word_1_77' title='bbox 1397 1947 1413 1973; x_wconf 95' lang='lat'><strong>,</strong></span> <span class='ocrx_word' id='word_1_78' title='bbox 1444 1910 1628 1980; x_wconf 82' lang='lat' dir='ltr'><strong>atque</strong></span> <span class='ocrx_word' id='word_1_79' title='bbox 1657 1919 1777 1961; x_wconf 91' lang='lat' dir='ltr'><strong>non</strong></span> <span class='ocrx_word' id='word_1_80' title='bbox 1822 1899 2007 1959; x_wconf 90' lang='lat' dir='ltr'><strong>inter-</strong></span> 
     </span>
     <span class='ocr_line' id='line_1_16' title="bbox 466 1994 2009 2080; baseline -0.005 -19"><span class='ocrx_word' id='word_1_81' title='bbox 466 2001 630 2061; x_wconf 81' lang='lat' dir='ltr'>missi</span> <span class='ocrx_word' id='word_1_82' title='bbox 655 2020 691 2062; x_wconf 90' lang='lat' dir='ltr'><strong>a</strong></span> <span class='ocrx_word' id='word_1_83' title='bbox 719 1998 911 2079; x_wconf 87' lang='lat' dir='ltr'><strong>prima</strong></span> <span class='ocrx_word' id='word_1_84' title='bbox 926 2000 1245 2080; x_wconf 84' lang='lat' dir='ltr'><strong>juventute</strong></span> <span class='ocrx_word' id='word_1_85' title='bbox 1274 1997 1509 2060; x_wconf 81' lang='lat' dir='ltr'><strong>labores</strong></span> <span class='ocrx_word' id='word_1_86' title='bbox 1540 1995 1894 2077; x_wconf 82' lang='lat' dir='ltr'><strong>progignere</strong></span> <span class='ocrx_word' id='word_1_87' title='bbox 1917 1994 2009 2053; x_wconf 75' lang='lat' dir='ltr'><strong>vi-</strong></span> 
     </span>
     <span class='ocr_line' id='line_1_17' title="bbox 465 2089 2006 2171; baseline -0.005 -15"><span class='ocrx_word' id='word_1_88' title='bbox 465 2097 787 2156; x_wconf 82' lang='lat' dir='ltr'><strong>debantur.</strong></span> <span class='ocrx_word' id='word_1_89' title='bbox 821 2093 1018 2154; x_wconf 86' lang='lat' dir='ltr'><strong>Morbi</strong></span> <span class='ocrx_word' id='word_1_90' title='bbox 1056 2092 1295 2153; x_wconf 88' lang='lat' dir='ltr'><strong>initium</strong></span> <span class='ocrx_word' id='word_1_91' title='bbox 1324 2137 1339 2164; x_wconf 94' lang='lat'><strong>,</strong></span> <span class='ocrx_word' id='word_1_92' title='bbox 1371 2098 1550 2171; x_wconf 84' lang='lat' dir='ltr'><strong>prout</strong></span> <span class='ocrx_word' id='word_1_93' title='bbox 1576 2089 1716 2150; x_wconf 82' lang='lat' dir='ltr'><strong>fieri</strong></span> <span class='ocrx_word' id='word_1_94' title='bbox 1738 2089 1966 2150; x_wconf 88' lang='lat' dir='ltr'><strong>absolet</strong></span> <span class='ocrx_word' id='word_1_95' title='bbox 1989 2134 2006 2161; x_wconf 90' lang='lat'>‚</span> 
     </span>
     <span class='ocr_line' id='line_1_18' title="bbox 468 2181 2013 2263; baseline -0.005 -14"><span class='ocrx_word' id='word_1_96' title='bbox 468 2188 754 2250; x_wconf 87' lang='lat' dir='ltr'><strong>leviorem</strong></span> <span class='ocrx_word' id='word_1_97' title='bbox 780 2187 903 2248; x_wconf 79' lang='lat' dir='ltr'><strong>vim</strong></span> <span class='ocrx_word' id='word_1_98' title='bbox 926 2186 1259 2257; x_wconf 77' lang='lat' dir='ltr'><strong>exsereba13</strong></span> <span class='ocrx_word' id='word_1_99' title='bbox 1282 2184 1426 2245; x_wconf 89' lang='lat' dir='ltr'><strong>hinc</strong></span> <span class='ocrx_word' id='word_1_100' title='bbox 1446 2203 1482 2245; x_wconf 91' lang='lat' dir='ltr'><strong>a</strong></span> <span class='ocrx_word' id='word_1_101' title='bbox 1505 2183 1690 2243; x_wconf 90' lang='lat' dir='ltr'><strong>Nobis</strong></span> <span class='ocrx_word' id='word_1_102' title='bbox 1712 2183 1854 2263; x_wconf 90' lang='lat' dir='ltr'><strong>ipsis</strong></span> <span class='ocrx_word' id='word_1_103' title='bbox 1875 2181 2013 2261; x_wconf 84' lang='lat' dir='ltr'><strong>Epi-</strong></span> 
     </span>
     <span class='ocr_line' id='line_1_19' title="bbox 468 2276 2013 2362; baseline -0.005 -19"><span class='ocrx_word' id='word_1_104' title='bbox 468 2290 742 2362; x_wconf 88' lang='lat' dir='ltr'><strong>scopatus</strong></span> <span class='ocrx_word' id='word_1_105' title='bbox 761 2280 988 2342; x_wconf 83' lang='lat' dir='ltr'><strong>Ordine</strong></span> <span class='ocrx_word' id='word_1_106' title='bbox 1010 2279 1430 2360; x_wconf 81' lang='lat' dir='ltr'><strong>insignendum</strong></span> <span class='ocrx_word' id='word_1_107' title='bbox 1455 2297 1581 2338; x_wconf 67' lang='lat' dir='ltr'><strong>esse</strong></span> <span class='ocrx_word' id='word_1_108' title='bbox 1602 2276 2013 2356; x_wconf 78' lang='lat' dir='ltr'><strong>reputavimus</strong></span> 
     </span>
     <span class='ocr_line' id='line_1_20' title="bbox 471 2371 2012 2439; baseline -0.005 -1"><span class='ocrx_word' id='word_1_109' title='bbox 471 2374 1056 2439; x_wconf 81' lang='lat' dir='ltr'><strong>Reverendissimum</strong></span> <span class='ocrx_word' id='word_1_110' title='bbox 1099 2373 1424 2434; x_wconf 89' lang='lat' dir='ltr'><strong>Dominum</strong></span> <span class='ocrx_word' id='word_1_111' title='bbox 1465 2371 1745 2434; x_wconf 86' lang='lat' dir='ltr'><strong>Carolum</strong></span> <span class='ocrx_word' id='word_1_112' title='bbox 1793 2372 2012 2431; x_wconf 85' lang='lat' dir='ltr'><strong>Camu-</strong></span> 
     </span>
     <span class='ocr_line' id='line_1_21' title="bbox 464 2466 2010 2550; baseline -0.003 -18"><span class='ocrx_word' id='word_1_113' title='bbox 464 2471 629 2532; x_wconf 88' lang='lat' dir='ltr'><strong>cium</strong></span> <span class='ocrx_word' id='word_1_114' title='bbox 655 2469 1066 2550; x_wconf 87' lang='lat' dir='ltr'><strong>Justinopolis,</strong></span> <span class='ocrx_word' id='word_1_115' title='bbox 1096 2468 1222 2529; x_wconf 85' lang='lat' dir='ltr'><strong>sive</strong></span> <span class='ocrx_word' id='word_1_116' title='bbox 1251 2467 1497 2548; x_wconf 83' lang='lat' dir='ltr'><strong>AEgidae</strong></span> <span class='ocrx_word' id='word_1_117' title='bbox 1522 2466 1888 2536; x_wconf 86' lang='lat' dir='ltr'><strong>Antistitem,</strong></span> <span class='ocrx_word' id='word_1_118' title='bbox 1915 2467 2010 2527; x_wconf 91' lang='lat' dir='ltr'><strong>cui</strong></span> 
     </span>
     <span class='ocr_line' id='line_1_22' title="bbox 470 2562 2014 2644; baseline -0.003 -18"><span class='ocrx_word' id='word_1_119' title='bbox 470 2566 568 2626; x_wconf 81' lang='lat' dir='ltr'><strong>rei</strong></span> <span class='ocrx_word' id='word_1_120' title='bbox 587 2563 983 2644; x_wconf 86' lang='lat' dir='ltr'><strong>perficiendae</strong></span> <span class='ocrx_word' id='word_1_121' title='bbox 1010 2564 1097 2623; x_wconf 83' lang='lat' dir='ltr'><strong>Tu</strong></span> <span class='ocrx_word' id='word_1_122' title='bbox 1120 2571 1325 2643; x_wconf 87' lang='lat' dir='ltr'><strong>utpote</strong></span> <span class='ocrx_word' id='word_1_123' title='bbox 1339 2562 1584 2642; x_wconf 87' lang='lat' dir='ltr'><strong>-primus</strong></span> <span class='ocrx_word' id='word_1_124' title='bbox 1603 2562 2014 2622; x_wconf 82' lang='lat' dir='ltr'><strong>Caeremonia—</strong></span> 
     </span>
     <span class='ocr_line' id='line_1_23' title="bbox 470 2655 2008 2739; baseline -0.003 -19"><span class='ocrx_word' id='word_1_125' title='bbox 470 2679 607 2720; x_wconf 88' lang='lat' dir='ltr'><strong>rum</strong></span> <span class='ocrx_word' id='word_1_126' title='bbox 637 2659 920 2739; x_wconf 79' lang='lat' dir='ltr'><strong>Magister</strong></span> <span class='ocrx_word' id='word_1_127' title='bbox 947 2665 1283 2737; x_wconf 88' lang='lat' dir='ltr'><strong>opportuna</strong></span> <span class='ocrx_word' id='word_1_128' title='bbox 1312 2675 1589 2736; x_wconf 88' lang='lat' dir='ltr'><strong>quaeque</strong></span> <span class='ocrx_word' id='word_1_129' title='bbox 1627 2655 1965 2735; x_wconf 71' lang='lat' dir='ltr'><strong>disposuisti</strong></span> <span class='ocrx_word' id='word_1_130' title='bbox 1992 2701 2008 2727; x_wconf 91' lang='lat'>‚</span> 
     </span>
     <span class='ocr_line' id='line_1_24' title="bbox 468 2749 2012 2833; baseline -0.004 -19"><span class='ocrx_word' id='word_1_131' title='bbox 468 2763 534 2814; x_wconf 83' lang='lat' dir='ltr'><strong>et.</strong></span> <span class='ocrx_word' id='word_1_132' title='bbox 555 2753 630 2814; x_wconf 90' lang='lat' dir='ltr'><strong>de</strong></span> <span class='ocrx_word' id='word_1_133' title='bbox 650 2772 770 2833; x_wconf 86' lang='lat' dir='ltr'><strong>qua</strong></span> <span class='ocrx_word' id='word_1_134' title='bbox 801 2752 921 2812; x_wconf 89' lang='lat' dir='ltr'><strong>Nos</strong></span> <span class='ocrx_word' id='word_1_135' title='bbox 940 2750 1038 2812; x_wconf 90' lang='lat' dir='ltr'><strong>die</strong></span> <span class='ocrx_word' id='word_1_136' title='bbox 1059 2756 1156 2811; x_wconf 76' lang='lat'><strong>20.</strong></span> <span class='ocrx_word' id='word_1_137' title='bbox 1182 2750 1458 2814; x_wconf 73' lang='lat' dir='ltr'><strong>Octobris</strong></span> <span class='ocrx_word' id='word_1_138' title='bbox 1484 2755 1656 2809; x_wconf 82' lang='lat'><strong>1756.</strong></span> <span class='ocrx_word' id='word_1_139' title='bbox 1685 2749 2012 2829; x_wconf 80' lang='lat' dir='ltr'><strong>Epistulam</strong></span> 
     </span>
     <span class='ocr_line' id='line_1_25' title="bbox 469 2844 2014 2925; baseline -0.003 -17"><span class='ocrx_word' id='word_1_140' title='bbox 469 2848 744 2914; x_wconf 80' lang='lat' dir='ltr'><strong>dedimus</strong></span> <span class='ocrx_word' id='word_1_141' title='bbox 770 2847 844 2908; x_wconf 89' lang='lat' dir='ltr'><strong>ad</strong></span> <span class='ocrx_word' id='word_1_142' title='bbox 875 2845 1216 2907; x_wconf 71' lang='lat' dir='ltr'><strong>praesulem</strong></span> <span class='ocrx_word' id='word_1_143' title='bbox 1245 2844 1673 2917; x_wconf 87' lang='lat' dir='ltr'><strong>ordinandum,</strong></span> <span class='ocrx_word' id='word_1_144' title='bbox 1705 2862 1887 2923; x_wconf 89' lang='lat' dir='ltr'><strong>quam</strong></span> <span class='ocrx_word' id='word_1_145' title='bbox 1920 2853 2014 2925; x_wconf 75' lang='lat' dir='ltr'><strong>ty-</strong></span> 
     </span>
     <span class='ocr_line' id='line_1_26' title="bbox 473 2938 2013 3024; baseline -0.003 -21"><span class='ocrx_word' id='word_1_146' title='bbox 473 2944 565 3024; x_wconf 85' lang='lat' dir='ltr'><strong>pis</strong></span> <span class='ocrx_word' id='word_1_147' title='bbox 594 2943 939 3022; x_wconf 87' lang='lat' dir='ltr'><strong>impressam</strong></span> <span class='ocrx_word' id='word_1_148' title='bbox 974 2949 1225 3020; x_wconf 84' lang='lat' dir='ltr'><strong>quartus</strong></span> <span class='ocrx_word' id='word_1_149' title='bbox 1271 2938 1522 2999; x_wconf 83' lang='lat' dir='ltr'><strong>Bullarii</strong></span> <span class='ocrx_word' id='word_1_150' title='bbox 1564 2939 1752 3000; x_wconf 82' lang='lat' dir='ltr'><strong>nostri</strong></span> <span class='ocrx_word' id='word_1_151' title='bbox 1793 2942 2013 2999; x_wconf 82' lang='lat' dir='ltr'><strong>Tomus</strong></span> 
     </span>
     <span class='ocr_line' id='line_1_27' title="bbox 472 3032 2014 3116; baseline -0.003 -20"><span class='ocrx_word' id='word_1_152' title='bbox 472 3037 816 3116; x_wconf 86' lang='lat' dir='ltr'><strong>propediem</strong></span> <span class='ocrx_word' id='word_1_153' title='bbox 868 3034 1062 3095; x_wconf 90' lang='lat' dir='ltr'><strong>lucem</strong></span> <span class='ocrx_word' id='word_1_154' title='bbox 1114 3034 1416 3114; x_wconf 80' lang='lat' dir='ltr'><strong>publicam</strong></span> <span class='ocrx_word' id='word_1_155' title='bbox 1468 3032 1710 3093; x_wconf 81' lang='lat' dir='ltr'><strong>visurus</strong></span> <span class='ocrx_word' id='word_1_156' title='bbox 1764 3052 2014 3095; x_wconf 83' lang='lat' dir='ltr'><strong>numero</strong></span> 
     </span>
     <span class='ocr_line' id='line_1_28' title="bbox 470 3128 1054 3193; baseline -0.007 0"><span class='ocrx_word' id='word_1_157' title='bbox 470 3132 687 3193; x_wconf 81' lang='lat' dir='ltr'><strong>thv.</strong></span> <span class='ocrx_word' id='word_1_158' title='bbox 723 3128 1054 3191; x_wconf 83' lang='lat' dir='ltr'><strong>exhibebit.</strong></span> 
     </span>
    </p>

    <p class='ocr_par' dir='ltr' id='par_1_10' title="bbox 469 3222 2021 5363">
     <span class='ocr_line' id='line_1_29' title="bbox 589 3222 2011 3304; baseline -0.002 -16"><span class='ocrx_word' id='word_1_159' title='bbox 589 3228 668 3288; x_wconf 91' lang='lat'><strong>11.</strong></span> <span class='ocrx_word' id='word_1_160' title='bbox 704 3224 956 3297; x_wconf 85' lang='lat' dir='ltr'><strong>Malum,</strong></span> <span class='ocrx_word' id='word_1_161' title='bbox 990 3224 1149 3304; x_wconf 89' lang='lat' dir='ltr'><strong>quod</strong></span> <span class='ocrx_word' id='word_1_162' title='bbox 1179 3224 1240 3283; x_wconf 90' lang='lat' dir='ltr'><strong>in</strong></span> <span class='ocrx_word' id='word_1_163' title='bbox 1266 3243 1376 3283; x_wconf 91' lang='lat' dir='ltr'><strong>suo</strong></span> <span class='ocrx_word' id='word_1_164' title='bbox 1396 3233 1608 3284; x_wconf 80' lang='lat' dir='ltr'><strong>exortu</strong></span> <span class='ocrx_word' id='word_1_165' title='bbox 1632 3222 1823 3284; x_wconf 87' lang='lat' dir='ltr'><strong>levius</strong></span> <span class='ocrx_word' id='word_1_166' title='bbox 1845 3224 2011 3285; x_wconf 80' lang='lat' dir='ltr'><strong>vide-</strong></span> 
     </span>
     <span class='ocr_line' id='line_1_30' title="bbox 474 3318 2015 3400; baseline -0.004 -17"><span class='ocrx_word' id='word_1_167' title='bbox 474 3324 673 3391; x_wconf 83' lang='lat' dir='ltr'><strong>batur,</strong></span> <span class='ocrx_word' id='word_1_168' title='bbox 698 3338 1012 3400; x_wconf 85' lang='lat' dir='ltr'><strong>progressu</strong></span> <span class='ocrx_word' id='word_1_169' title='bbox 1038 3337 1147 3378; x_wconf 90' lang='lat' dir='ltr'><strong>suo</strong></span> <span class='ocrx_word' id='word_1_170' title='bbox 1165 3326 1582 3397; x_wconf 84' lang='lat' dir='ltr'><strong>exasperatum</strong></span> <span class='ocrx_word' id='word_1_171' title='bbox 1597 3326 1691 3379; x_wconf 81' lang='lat' dir='ltr'><strong>est</strong></span> <span class='ocrx_word' id='word_1_172' title='bbox 1714 3318 1873 3380; x_wconf 87' lang='lat' dir='ltr'><strong>haud</strong></span> <span class='ocrx_word' id='word_1_173' title='bbox 1897 3340 2015 3378; x_wconf 77' lang='lat' dir='ltr'><strong>me-</strong></span> 
     </span>
     <span class='ocr_line' id='line_1_31' title="bbox 470 3412 2012 3492; baseline -0.003 -14"><span class='ocrx_word' id='word_1_174' title='bbox 470 3416 794 3486; x_wconf 84' lang='lat' dir='ltr'><strong>diocriter;</strong></span> <span class='ocrx_word' id='word_1_175' title='bbox 830 3413 1281 3492; x_wconf 81' lang='lat' dir='ltr'><strong>insequentibus</strong></span> <span class='ocrx_word' id='word_1_176' title='bbox 1307 3412 1534 3492; x_wconf 83' lang='lat' dir='ltr'><strong>qnippe</strong></span> <span class='ocrx_word' id='word_1_177' title='bbox 1576 3414 1882 3475; x_wconf 81' lang='lat' dir='ltr'><strong>mensibus</strong></span> <span class='ocrx_word' id='word_1_178' title='bbox 1921 3415 2012 3474; x_wconf 76' lang='lat' dir='ltr'><strong>bis</strong></span> 
     </span>
     <span class='ocr_line' id='line_1_32' title="bbox 470 3507 2012 3578; baseline -0.003 -6"><span class='ocrx_word' id='word_1_179' title='bbox 470 3509 857 3572; x_wconf 85' lang='lat' dir='ltr'><strong>morientium</strong></span> <span class='ocrx_word' id='word_1_180' title='bbox 891 3508 1106 3569; x_wconf 81' lang='lat' dir='ltr'><strong>viatico</strong></span> <span class='ocrx_word' id='word_1_181' title='bbox 1135 3507 1351 3567; x_wconf 88' lang='lat' dir='ltr'><strong>muniti</strong></span> <span class='ocrx_word' id='word_1_182' title='bbox 1379 3553 1394 3578; x_wconf 93' lang='lat'><strong>,</strong></span> <span class='ocrx_word' id='word_1_183' title='bbox 1426 3507 1517 3567; x_wconf 88' lang='lat' dir='ltr'><strong>bis</strong></span> <span class='ocrx_word' id='word_1_184' title='bbox 1548 3517 1883 3569; x_wconf 84' lang='lat' dir='ltr'><strong>extremum</strong></span> <span class='ocrx_word' id='word_1_185' title='bbox 1917 3509 2012 3569; x_wconf 90' lang='lat' dir='ltr'><strong>iu-</strong></span> 
     </span>
     <span class='ocr_line' id='line_1_33' title="bbox 471 3603 2012 3683; baseline -0.001 -18"><span class='ocrx_word' id='word_1_186' title='bbox 471 3605 659 3677; x_wconf 86' lang='lat' dir='ltr'><strong>uncti,</strong></span> <span class='ocrx_word' id='word_1_187' title='bbox 683 3613 742 3665; x_wconf 84' lang='lat' dir='ltr'><strong>et</strong></span> <span class='ocrx_word' id='word_1_188' title='bbox 767 3604 858 3664; x_wconf 90' lang='lat' dir='ltr'><strong>bis</strong></span> <span class='ocrx_word' id='word_1_189' title='bbox 883 3603 1126 3683; x_wconf 87' lang='lat' dir='ltr'><strong>pariter,</strong></span> <span class='ocrx_word' id='word_1_190' title='bbox 1146 3604 1320 3683; x_wconf 81' lang='lat' dir='ltr'><strong>juxta</strong></span> <span class='ocrx_word' id='word_1_191' title='bbox 1337 3603 2012 3680; x_wconf 80' lang='lat' dir='ltr'><strong>RomanorumPontifi-</strong></span> 
     </span>
     <span class='ocr_line' id='line_1_34' title="bbox 469 3695 2011 3778; baseline 0 -17"><span class='ocrx_word' id='word_1_192' title='bbox 469 3720 605 3761; x_wconf 90' lang='lat' dir='ltr'><strong>cum</strong></span> <span class='ocrx_word' id='word_1_193' title='bbox 629 3697 948 3778; x_wconf 85' lang='lat' dir='ltr'><strong>probatum</strong></span> <span class='ocrx_word' id='word_1_194' title='bbox 971 3715 1219 3767; x_wconf 88' lang='lat' dir='ltr'><strong>morem,</strong></span> <span class='ocrx_word' id='word_1_195' title='bbox 1235 3695 1412 3756; x_wconf 81' lang='lat' dir='ltr'><strong>fldem</strong></span> <span class='ocrx_word' id='word_1_196' title='bbox 1435 3716 1642 3757; x_wconf 86' lang='lat' dir='ltr'><strong>sumus</strong></span> <span class='ocrx_word' id='word_1_197' title='bbox 1662 3697 1933 3777; x_wconf 80' lang='lat' dir='ltr'><strong>professi.</strong></span> <span class='ocrx_word' id='word_1_198' title='bbox 1963 3701 2011 3761; x_wconf 81' lang='lat' dir='ltr'>E</span> 
     </span>
     <span class='ocr_line' id='line_1_35' title="bbox 469 3786 2008 3873; baseline 0 -20"><span class='ocrx_word' id='word_1_199' title='bbox 469 3790 836 3873; x_wconf 74' lang='lat' dir='ltr'><strong>gravissimis</strong></span> <span class='ocrx_word' id='word_1_200' title='bbox 869 3790 1030 3850; x_wconf 88' lang='lat' dir='ltr'><strong>hisce</strong></span> <span class='ocrx_word' id='word_1_201' title='bbox 1060 3789 1507 3851; x_wconf 86' lang='lat' dir='ltr'><strong>discriminibus</strong></span> <span class='ocrx_word' id='word_1_202' title='bbox 1536 3786 1737 3853; x_wconf 81' lang='lat' dir='ltr'><strong>erutos</strong></span> <span class='ocrx_word' id='word_1_203' title='bbox 1769 3793 2008 3854; x_wconf 85' lang='lat' dir='ltr'><strong>Domini</strong></span> 
     </span>
     <span class='ocr_line' id='line_1_36' title="bbox 472 3884 2012 3968; baseline -0.001 -18"><span class='ocrx_word' id='word_1_204' title='bbox 472 3885 812 3968; x_wconf 79' lang='lat' dir='ltr'><strong>benignitas</strong></span> <span class='ocrx_word' id='word_1_205' title='bbox 837 3885 899 3945; x_wconf 90' lang='lat' dir='ltr'><strong>in</strong></span> <span class='ocrx_word' id='word_1_206' title='bbox 928 3903 1059 3945; x_wconf 89' lang='lat' dir='ltr'><strong>eam</strong></span> <span class='ocrx_word' id='word_1_207' title='bbox 1093 3884 1209 3944; x_wconf 86' lang='lat' dir='ltr'><strong>Nos</strong></span> <span class='ocrx_word' id='word_1_208' title='bbox 1240 3886 1548 3955; x_wconf 86' lang='lat' dir='ltr'><strong>constituit</strong></span> <span class='ocrx_word' id='word_1_209' title='bbox 1580 3905 1796 3967; x_wconf 89' lang='lat' dir='ltr'><strong>corpus</strong></span> <span class='ocrx_word' id='word_1_210' title='bbox 1837 3886 2012 3949; x_wconf 89' lang='lat' dir='ltr'><strong>habi-</strong></span> 
     </span>
     <span class='ocr_line' id='line_1_37' title="bbox 472 3978 2014 4065; baseline 0.001 -23"><span class='ocrx_word' id='word_1_211' title='bbox 472 3982 775 4051; x_wconf 84' lang='lat' dir='ltr'><strong>tudinem,</strong></span> <span class='ocrx_word' id='word_1_212' title='bbox 810 3978 1007 4058; x_wconf 89' lang='lat' dir='ltr'><strong>qualis</strong></span> <span class='ocrx_word' id='word_1_213' title='bbox 1038 3997 1195 4039; x_wconf 90' lang='lat' dir='ltr'><strong>nunc</strong></span> <span class='ocrx_word' id='word_1_214' title='bbox 1220 3988 1338 4053; x_wconf 85' lang='lat' dir='ltr'><strong>est,</strong></span> <span class='ocrx_word' id='word_1_215' title='bbox 1369 3999 1645 4060; x_wconf 87' lang='lat' dir='ltr'><strong>quaeque</strong></span> <span class='ocrx_word' id='word_1_216' title='bbox 1671 3981 2014 4065; x_wconf 80' lang='lat' dir='ltr'><strong>intelligen-</strong></span> 
     </span>
     <span class='ocr_line' id='line_1_38' title="bbox 472 4072 2016 4155; baseline 0.002 -18"><span class='ocrx_word' id='word_1_217' title='bbox 472 4077 592 4137; x_wconf 84' lang='lat' dir='ltr'><strong>tiae</strong></span> <span class='ocrx_word' id='word_1_218' title='bbox 615 4074 955 4136; x_wconf 80' lang='lat' dir='ltr'><strong>facultatem</strong></span> <span class='ocrx_word' id='word_1_219' title='bbox 977 4072 1126 4134; x_wconf 84' lang='lat' dir='ltr'><strong>adeo</strong></span> <span class='ocrx_word' id='word_1_220' title='bbox 1145 4073 1332 4134; x_wconf 87' lang='lat' dir='ltr'><strong>Nobis</strong></span> <span class='ocrx_word' id='word_1_221' title='bbox 1358 4093 1478 4134; x_wconf 91' lang='lat' dir='ltr'><strong>non</strong></span> <span class='ocrx_word' id='word_1_222' title='bbox 1502 4075 1745 4155; x_wconf 79' lang='lat' dir='ltr'><strong>eripuit,</strong></span> <span class='ocrx_word' id='word_1_223' title='bbox 1774 4078 1851 4137; x_wconf 91' lang='lat' dir='ltr'><strong>mi</strong></span> <span class='ocrx_word' id='word_1_224' title='bbox 1861 4080 1962 4139; x_wconf 90' lang='lat' dir='ltr'><strong>nui</strong></span> <span class='ocrx_word' id='word_1_225' title='bbox 1971 4088 2016 4139; x_wconf 86' lang='lat' dir='ltr'><strong>t-</strong></span> 
     </span>
     <span class='ocr_line' id='line_1_39' title="bbox 473 4166 2017 4254; baseline 0.001 -22"><span class='ocrx_word' id='word_1_226' title='bbox 473 4191 567 4242; x_wconf 84' lang='lat' dir='ltr'><strong>ve,</strong></span> <span class='ocrx_word' id='word_1_227' title='bbox 593 4178 662 4230; x_wconf 89' lang='lat' dir='ltr'><strong>ut</strong></span> <span class='ocrx_word' id='word_1_228' title='bbox 688 4168 894 4230; x_wconf 87' lang='lat' dir='ltr'><strong>divino</strong></span> <span class='ocrx_word' id='word_1_229' title='bbox 924 4166 1212 4228; x_wconf 85' lang='lat' dir='ltr'><strong>beneficio</strong></span> <span class='ocrx_word' id='word_1_230' title='bbox 1238 4187 1371 4229; x_wconf 80' lang='lat' dir='ltr'><strong>eam</strong></span> <span class='ocrx_word' id='word_1_231' title='bbox 1401 4169 1462 4229; x_wconf 93' lang='lat' dir='ltr'><strong>in</strong></span> <span class='ocrx_word' id='word_1_232' title='bbox 1494 4169 1621 4250; x_wconf 89' lang='lat' dir='ltr'><strong>ipso</strong></span> <span class='ocrx_word' id='word_1_233' title='bbox 1648 4174 2017 4254; x_wconf 75' lang='lat' dir='ltr'><strong>augescentis</strong></span> 
     </span>
     <span class='ocr_line' id='line_1_40' title="bbox 473 4263 2017 4329; baseline 0.001 -3"><span class='ocrx_word' id='word_1_234' title='bbox 473 4263 667 4326; x_wconf 88' lang='lat' dir='ltr'><strong>morbi</strong></span> <span class='ocrx_word' id='word_1_235' title='bbox 693 4263 898 4325; x_wconf 83' lang='lat' dir='ltr'><strong>furore</strong></span> <span class='ocrx_word' id='word_1_236' title='bbox 913 4281 1403 4323; x_wconf 80' lang='lat' dir='ltr'><strong>conservaremus</strong></span> <span class='ocrx_word' id='word_1_237' title='bbox 1425 4263 1757 4327; x_wconf 86' lang='lat' dir='ltr'><strong>immotam:</strong></span> <span class='ocrx_word' id='word_1_238' title='bbox 1779 4268 2017 4329; x_wconf 84' lang='lat' dir='ltr'><strong>Exteris</strong></span> 
     </span>
     <span class='ocr_line' id='line_1_41' title="bbox 475 4356 2020 4442; baseline 0.001 -22"><span class='ocrx_word' id='word_1_239' title='bbox 475 4380 605 4423; x_wconf 82' lang='lat' dir='ltr'><strong>non</strong></span> <span class='ocrx_word' id='word_1_240' title='bbox 620 4357 840 4429; x_wconf 89' lang='lat' dir='ltr'><strong>miuus,</strong></span> <span class='ocrx_word' id='word_1_241' title='bbox 865 4375 1045 4436; x_wconf 89' lang='lat' dir='ltr'><strong>quam</strong></span> <span class='ocrx_word' id='word_1_242' title='bbox 1071 4356 1448 4435; x_wconf 84' lang='lat' dir='ltr'><strong>publicarum</strong></span> <span class='ocrx_word' id='word_1_243' title='bbox 1472 4378 1675 4421; x_wconf 89' lang='lat' dir='ltr'><strong>rerum</strong></span> <span class='ocrx_word' id='word_1_244' title='bbox 1696 4379 1902 4422; x_wconf 89' lang='lat' dir='ltr'><strong>curam</strong></span> <span class='ocrx_word' id='word_1_245' title='bbox 1924 4383 2020 4442; x_wconf 86' lang='lat' dir='ltr'><strong>ge-</strong></span> 
     </span>
     <span class='ocr_line' id='line_1_42' title="bbox 471 4451 2019 4531; baseline 0.001 -15"><span class='ocrx_word' id='word_1_246' title='bbox 471 4455 747 4516; x_wconf 85' lang='lat' dir='ltr'><strong>rentibus</strong></span> <span class='ocrx_word' id='word_1_247' title='bbox 791 4454 912 4513; x_wconf 90' lang='lat' dir='ltr'><strong>Nos</strong></span> <span class='ocrx_word' id='word_1_248' title='bbox 959 4451 1306 4531; x_wconf 87' lang='lat' dir='ltr'><strong>alloquendi</strong></span> <span class='ocrx_word' id='word_1_249' title='bbox 1352 4452 1693 4518; x_wconf 85' lang='lat' dir='ltr'><strong>facultatem</strong></span> <span class='ocrx_word' id='word_1_250' title='bbox 1744 4459 2019 4519; x_wconf 85' lang='lat' dir='ltr'><strong>concedi-</strong></span> 
     </span>
     <span class='ocr_line' id='line_1_43' title="bbox 474 4545 2014 4630; baseline 0.003 -21"><span class='ocrx_word' id='word_1_251' title='bbox 474 4569 629 4621; x_wconf 85' lang='lat' dir='ltr'><strong>mus,</strong></span> <span class='ocrx_word' id='word_1_252' title='bbox 660 4555 998 4627; x_wconf 88' lang='lat' dir='ltr'><strong>opportuna</strong></span> <span class='ocrx_word' id='word_1_253' title='bbox 1032 4545 1312 4607; x_wconf 86' lang='lat' dir='ltr'><strong>mandata</strong></span> <span class='ocrx_word' id='word_1_254' title='bbox 1340 4547 1594 4629; x_wconf 85' lang='lat' dir='ltr'><strong>singulis</strong></span> <span class='ocrx_word' id='word_1_255' title='bbox 1623 4550 2014 4630; x_wconf 80' lang='lat' dir='ltr'><strong>imponentes:</strong></span> 
     </span>
     <span class='ocr_line' id='line_1_44' title="bbox 476 4642 2018 4721; baseline 0.002 -16"><span class='ocrx_word' id='word_1_256' title='bbox 476 4645 847 4705; x_wconf 87' lang='lat' dir='ltr'><strong>lutersumus</strong></span> <span class='ocrx_word' id='word_1_257' title='bbox 874 4642 1180 4702; x_wconf 83' lang='lat' dir='ltr'><strong>Consessui</strong></span> <span class='ocrx_word' id='word_1_258' title='bbox 1210 4687 1226 4713; x_wconf 94' lang='lat'><strong>,</strong></span> <span class='ocrx_word' id='word_1_259' title='bbox 1258 4662 1437 4721; x_wconf 89' lang='lat' dir='ltr'><strong>quem</strong></span> <span class='ocrx_word' id='word_1_260' title='bbox 1466 4643 1896 4706; x_wconf 89' lang='lat' dir='ltr'><strong>Consistorium</strong></span> <span class='ocrx_word' id='word_1_261' title='bbox 1924 4647 2018 4708; x_wconf 89' lang='lat' dir='ltr'><strong>di-</strong></span> 
     </span>
     <span class='ocr_line' id='line_1_45' title="bbox 474 4733 2017 4817; baseline 0.002 -18"><span class='ocrx_word' id='word_1_262' title='bbox 474 4747 640 4811; x_wconf 84' lang='lat' dir='ltr'><strong>cunt,</strong></span> <span class='ocrx_word' id='word_1_263' title='bbox 672 4747 728 4799; x_wconf 88' lang='lat' dir='ltr'><strong>et</strong></span> <span class='ocrx_word' id='word_1_264' title='bbox 757 4738 818 4797; x_wconf 90' lang='lat' dir='ltr'><strong>S.</strong></span> <span class='ocrx_word' id='word_1_265' title='bbox 854 4736 1045 4798; x_wconf 82' lang='lat' dir='ltr'><strong>Officii</strong></span> <span class='ocrx_word' id='word_1_266' title='bbox 1076 4733 1533 4817; x_wconf 81' lang='lat' dir='ltr'><strong>Congregationi</strong></span> <span class='ocrx_word' id='word_1_267' title='bbox 1567 4739 1746 4799; x_wconf 89' lang='lat' dir='ltr'><strong>semel</strong></span> <span class='ocrx_word' id='word_1_268' title='bbox 1778 4740 1838 4799; x_wconf 91' lang='lat' dir='ltr'><strong>in</strong></span> <span class='ocrx_word' id='word_1_269' title='bbox 1868 4741 2017 4803; x_wconf 85' lang='lat' dir='ltr'><strong>heb-</strong></span> 
     </span>
     <span class='ocr_line' id='line_1_46' title="bbox 476 4831 2017 4901; baseline 0.002 -7"><span class='ocrx_word' id='word_1_270' title='bbox 476 4834 731 4895; x_wconf 86' lang='lat' dir='ltr'><strong>domada</strong></span> <span class='ocrx_word' id='word_1_271' title='bbox 757 4833 871 4893; x_wconf 90' lang='lat' dir='ltr'><strong>sub</strong></span> <span class='ocrx_word' id='word_1_272' title='bbox 895 4840 1097 4892; x_wconf 88' lang='lat' dir='ltr'><strong>nostro</strong></span> <span class='ocrx_word' id='word_1_273' title='bbox 1123 4832 1344 4901; x_wconf 14' lang='lat' dir='ltr'><strong>obtutu,</strong></span> <span class='ocrx_word' id='word_1_274' title='bbox 1363 4831 1572 4893; x_wconf 89' lang='lat' dir='ltr'><strong>baberi</strong></span> <span class='ocrx_word' id='word_1_275' title='bbox 1596 4833 1827 4895; x_wconf 89' lang='lat' dir='ltr'><strong>solitae:</strong></span> <span class='ocrx_word' id='word_1_276' title='bbox 1856 4836 2017 4898; x_wconf 88' lang='lat' dir='ltr'><strong>Scri-</strong></span> 
     </span>
     <span class='ocr_line' id='line_1_47' title="bbox 474 4927 2020 5012; baseline 0.003 -22"><span class='ocrx_word' id='word_1_277' title='bbox 474 4937 716 5009; x_wconf 86' lang='lat' dir='ltr'><strong>ptorum</strong></span> <span class='ocrx_word' id='word_1_278' title='bbox 743 4927 1009 4989; x_wconf 88' lang='lat' dir='ltr'><strong>calamus</strong></span> <span class='ocrx_word' id='word_1_279' title='bbox 1041 4945 1151 5007; x_wconf 88' lang='lat' dir='ltr'><strong>pro</strong></span> <span class='ocrx_word' id='word_1_280' title='bbox 1182 4927 1483 5008; x_wconf 80' lang='lat' dir='ltr'><strong>exigentia</strong></span> <span class='ocrx_word' id='word_1_281' title='bbox 1510 4973 1526 5001; x_wconf 90' lang='lat'><strong>,</strong></span> <span class='ocrx_word' id='word_1_282' title='bbox 1563 4936 1624 5001; x_wconf 85' lang='lat' dir='ltr'><strong>et</strong></span> <span class='ocrx_word' id='word_1_283' title='bbox 1669 4949 1835 4991; x_wconf 88' lang='lat' dir='ltr'><strong>more</strong></span> <span class='ocrx_word' id='word_1_284' title='bbox 1863 4951 2020 5012; x_wconf 88' lang='lat' dir='ltr'><strong>quae</strong></span> 
     </span>
     <span class='ocr_line' id='line_1_48' title="bbox 476 5022 2021 5107; baseline 0.002 -22"><span class='ocrx_word' id='word_1_285' title='bbox 476 5029 798 5085; x_wconf 83' lang='lat' dir='ltr'><strong>occurrunt</strong></span> <span class='ocrx_word' id='word_1_286' title='bbox 826 5022 1154 5084; x_wconf 76' lang='lat' dir='ltr'><strong>necessaria</strong></span> <span class='ocrx_word' id='word_1_287' title='bbox 1178 5022 1401 5102; x_wconf 85' lang='lat' dir='ltr'><strong>excipit</strong></span> <span class='ocrx_word' id='word_1_288' title='bbox 1425 5041 1450 5082; x_wconf 72' lang='grc' dir='ltr'><strong>ε·</strong></span> <span class='ocrx_word' id='word_1_289' title='bbox 1472 5022 1751 5085; x_wconf 88' lang='lat' dir='ltr'><strong>Basilicas</strong></span> <span class='ocrx_word' id='word_1_290' title='bbox 1778 5044 2021 5107; x_wconf 82' lang='lat' dir='ltr'><strong>quoque</strong></span> 
     </span>
     <span class='ocr_line' id='line_1_49' title="bbox 480 5115 2021 5200; baseline 0.002 -22"><span class='ocrx_word' id='word_1_291' title='bbox 480 5118 785 5178; x_wconf 85' lang='lat' dir='ltr'><strong>Romanae</strong></span> <span class='ocrx_word' id='word_1_292' title='bbox 799 5115 977 5176; x_wconf 87' lang='lat' dir='ltr'><strong>Urbis</strong></span> <span class='ocrx_word' id='word_1_293' title='bbox 989 5115 1166 5176; x_wconf 86' lang='lat' dir='ltr'><strong>invisi</strong></span> <span class='ocrx_word' id='word_1_294' title='bbox 1175 5135 1306 5176; x_wconf 90' lang='lat' dir='ltr'><strong>mus</strong></span> <span class='ocrx_word' id='word_1_295' title='bbox 1318 5116 1703 5197; x_wconf 85' lang='lat' dir='ltr'><strong>quandoque,</strong></span> <span class='ocrx_word' id='word_1_296' title='bbox 1722 5138 2021 5200; x_wconf 88' lang='lat' dir='ltr'><strong>nusquam</strong></span> 
     </span>
     <span class='ocr_line' id='line_1_50' title="bbox 483 5202 2021 5291; baseline 0.004 -22"><span class='ocrx_word' id='word_1_297' title='bbox 483 5217 681 5269; x_wconf 88' lang='lat' dir='ltr'><strong>tamen</strong></span> <span class='ocrx_word' id='word_1_298' title='bbox 711 5226 747 5269; x_wconf 89' lang='lat' dir='ltr'><strong>a</strong></span> <span class='ocrx_word' id='word_1_299' title='bbox 777 5208 914 5269; x_wconf 86' lang='lat' dir='ltr'><strong>sede</strong></span> <span class='ocrx_word' id='word_1_300' title='bbox 938 5209 1256 5290; x_wconf 84' lang='lat' dir='ltr'><strong>gestatoria</strong></span> <span class='ocrx_word' id='word_1_301' title='bbox 1279 5255 1296 5282; x_wconf 92' lang='lat'><strong>,</strong></span> <span class='ocrx_word' id='word_1_302' title='bbox 1341 5229 1466 5291; x_wconf 85' lang='lat' dir='ltr'><strong>qua</strong></span> <span class='ocrx_word' id='word_1_303' title='bbox 1495 5202 1884 5286; x_wconf 82' lang='lat' dir='ltr'><strong>sustinemur,</strong></span> <span class='ocrx_word' id='word_1_304' title='bbox 1917 5214 2021 5275; x_wconf 88' lang='lat' dir='ltr'><strong>de-</strong></span> 
     </span>
     <span class='ocr_line' id='line_1_51' title="bbox 480 5301 843 5363; baseline -0.006 0"><span class='ocrx_word' id='word_1_305' title='bbox 480 5301 843 5363; x_wconf 76' lang='lat' dir='ltr'><strong>scandentes.</strong></span> 
     </span>
    </p>

    <p class='ocr_par' dir='ltr' id='par_1_11' title="bbox 485 5395 2032 5576">
     <span class='ocr_line' id='line_1_52' title="bbox 605 5395 2027 5466; baseline 0.007 -10"><span class='ocrx_word' id='word_1_306' title='bbox 605 5395 715 5461; x_wconf 87' lang='grc' dir='ltr'><strong>ΠΙ.</strong></span> <span class='ocrx_word' id='word_1_307' title='bbox 753 5395 892 5456; x_wconf 78' lang='lat' dir='ltr'><strong>Dies</strong></span> <span class='ocrx_word' id='word_1_308' title='bbox 907 5404 1058 5457; x_wconf 86' lang='lat' dir='ltr'><strong>erat.</strong></span> <span class='ocrx_word' id='word_1_309' title='bbox 1088 5401 1186 5458; x_wconf 76' lang='lat'><strong>27.</strong></span> <span class='ocrx_word' id='word_1_310' title='bbox 1219 5396 1496 5460; x_wconf 82' lang='lat' dir='ltr'><strong>Octobris</strong></span> <span class='ocrx_word' id='word_1_311' title='bbox 1521 5399 1690 5462; x_wconf 81' lang='lat' dir='ltr'><strong>Divis</strong></span> <span class='ocrx_word' id='word_1_312' title='bbox 1715 5400 1942 5464; x_wconf 84' lang='lat' dir='ltr'><strong>Simoni</strong></span> <span class='ocrx_word' id='word_1_313' title='bbox 1967 5412 2027 5466; x_wconf 83' lang='lat' dir='ltr'><strong>et</strong></span> 
     </span>
     <span class='ocr_line' id='line_1_53' title="bbox 485 5487 2032 5576; baseline 0.007 -27"><span class='ocrx_word' id='word_1_314' title='bbox 485 5487 681 5549; x_wconf 82' lang='lat' dir='ltr'><strong>Judae</strong></span> <span class='ocrx_word' id='word_1_315' title='bbox 709 5488 1006 5568; x_wconf 82' lang='lat' dir='ltr'><strong>Apostolis</strong></span> <span class='ocrx_word' id='word_1_316' title='bbox 1032 5508 1221 5565; x_wconf 86' lang='lat' dir='ltr'><strong>sacra,</strong></span> <span class='ocrx_word' id='word_1_317' title='bbox 1251 5499 1311 5552; x_wconf 83' lang='lat' dir='ltr'><strong>et</strong></span> <span class='ocrx_word' id='word_1_318' title='bbox 1336 5491 1827 5576; x_wconf 71' lang='lat' dir='ltr'><strong>Iustinopolitani</strong></span> <span class='ocrx_word' id='word_1_319' title='bbox 1863 5498 2032 5560; x_wconf 82' lang='lat' dir='ltr'><strong>Anti·</strong></span> 
     </span>
    </p>
   </div>
   <div class='ocr_carea' id='block_1_10' title="bbox 811 5605 1539 5658">
    <p class='ocr_par' dir='ltr' id='par_1_12' title="bbox 811 5605 1539 5658">
     <span class='ocr_line' id='line_1_54' title="bbox 811 5605 1539 5658; baseline 0.012 -9"><span class='ocrx_word' id='word_1_320' title='bbox 811 5614 1018 5652; x_wconf 76' lang='lat' dir='ltr'><strong>suan.</strong></span> <span class='ocrx_word' id='word_1_321' title='bbox 1062 5615 1173 5651; x_wconf 75' lang='lat' dir='ltr'><strong>xiv.</strong></span> <span class='ocrx_word' id='word_1_322' title='bbox 1214 5614 1360 5654; x_wconf 69' lang='grc' dir='ltr'><strong>τοι.</strong></span> <span class='ocrx_word' id='word_1_323' title='bbox 1396 5605 1539 5658; x_wconf 85' lang='lat' dir='ltr'><strong>vm.</strong></span> 
     </span>
    </p>
   </div>
   <div class='ocr_carea' id='block_1_11' title="bbox 2109 1051 3679 5647">
    <p class='ocr_par' dir='ltr' id='par_1_13' title="bbox 2109 1051 3659 2343">
     <span class='ocr_line' id='line_1_55' title="bbox 2109 1051 3658 1135; baseline 0.005 -24"><span class='ocrx_word' id='word_1_324' title='bbox 2109 1051 2552 1114; x_wconf 82' lang='lat' dir='ltr'><strong>Eucharistiam</strong></span> <span class='ocrx_word' id='word_1_325' title='bbox 2584 1055 2916 1135; x_wconf 82' lang='lat' dir='ltr'><strong>recepimus</strong></span> <span class='ocrx_word' id='word_1_326' title='bbox 2948 1056 3238 1128; x_wconf 86' lang='lat' dir='ltr'><strong>sedentes,</strong></span> <span class='ocrx_word' id='word_1_327' title='bbox 3269 1068 3373 1118; x_wconf 90' lang='lat' dir='ltr'><strong>aut</strong></span> <span class='ocrx_word' id='word_1_328' title='bbox 3399 1057 3658 1120; x_wconf 86' lang='lat' dir='ltr'><strong>sedentis</strong></span> 
     </span>
     <span class='ocr_line' id='line_1_56' title="bbox 2114 1145 3658 1231; baseline 0.005 -26"><span class='ocrx_word' id='word_1_329' title='bbox 2114 1145 2175 1205; x_wconf 92' lang='lat' dir='ltr'><strong>in</strong></span> <span class='ocrx_word' id='word_1_330' title='bbox 2207 1147 2452 1207; x_wconf 87' lang='lat' dir='ltr'><strong>modum</strong></span> <span class='ocrx_word' id='word_1_331' title='bbox 2487 1147 2637 1210; x_wconf 87' lang='lat' dir='ltr'><strong>lecto</strong></span> <span class='ocrx_word' id='word_1_332' title='bbox 2661 1148 3035 1223; x_wconf 72' lang='lat' dir='ltr'><strong>incubantes,</strong></span> <span class='ocrx_word' id='word_1_333' title='bbox 3062 1170 3257 1231; x_wconf 89' lang='lat' dir='ltr'><strong>neque</strong></span> <span class='ocrx_word' id='word_1_334' title='bbox 3284 1152 3398 1212; x_wconf 88' lang='lat' dir='ltr'><strong>sub</strong></span> <span class='ocrx_word' id='word_1_335' title='bbox 3425 1152 3658 1213; x_wconf 87' lang='lat' dir='ltr'><strong>id·tem-</strong></span> 
     </span>
     <span class='ocr_line' id='line_1_57' title="bbox 2113 1239 3655 1326; baseline 0.007 -28"><span class='ocrx_word' id='word_1_336' title='bbox 2113 1239 2277 1319; x_wconf 88' lang='lat' dir='ltr'><strong>poris</strong></span> <span class='ocrx_word' id='word_1_337' title='bbox 2303 1241 2543 1302; x_wconf 85' lang='lat' dir='ltr'><strong>Missam</strong></span> <span class='ocrx_word' id='word_1_338' title='bbox 2576 1261 2609 1302; x_wconf 92' lang='lat' dir='ltr'><strong>a</strong></span> <span class='ocrx_word' id='word_1_339' title='bbox 2640 1242 2824 1304; x_wconf 89' lang='lat' dir='ltr'><strong>Nobis</strong></span> <span class='ocrx_word' id='word_1_340' title='bbox 2850 1242 3140 1304; x_wconf 87' lang='lat' dir='ltr'><strong>celebrari</strong></span> <span class='ocrx_word' id='word_1_341' title='bbox 3176 1264 3347 1325; x_wconf 87' lang='lat' dir='ltr'><strong>posse</strong></span> <span class='ocrx_word' id='word_1_342' title='bbox 3372 1248 3655 1326; x_wconf 87' lang='lat' dir='ltr'><strong>speraba-</strong></span> 
     </span>
     <span class='ocr_line' id='line_1_58' title="bbox 2115 1335 3658 1422; baseline 0.006 -30"><span class='ocrx_word' id='word_1_343' title='bbox 2115 1354 2268 1406; x_wconf 87' lang='lat' dir='ltr'><strong>mus,</strong></span> <span class='ocrx_word' id='word_1_344' title='bbox 2303 1335 2462 1413; x_wconf 91' lang='lat' dir='ltr'><strong>quod</strong></span> <span class='ocrx_word' id='word_1_345' title='bbox 2494 1335 2706 1396; x_wconf 85' lang='lat' dir='ltr'><strong>Medici</strong></span> <span class='ocrx_word' id='word_1_346' title='bbox 2731 1355 2897 1415; x_wconf 86' lang='lat' dir='ltr'><strong>spem</strong></span> <span class='ocrx_word' id='word_1_347' title='bbox 2924 1336 3403 1410; x_wconf 56' lang='lat' dir='ltr'><strong>Nobis‘fecissent</strong></span> <span class='ocrx_word' id='word_1_348' title='bbox 3427 1340 3658 1422; x_wconf 80' lang='lat' dir='ltr'><strong>mitiga-</strong></span> 
     </span>
     <span class='ocr_line' id='line_1_59' title="bbox 2113 1428 3657 1501; baseline 0.004 -12"><span class='ocrx_word' id='word_1_349' title='bbox 2113 1437 2172 1489; x_wconf 85' lang='lat' dir='ltr'><strong>to</strong></span> <span class='ocrx_word' id='word_1_350' title='bbox 2205 1429 2442 1490; x_wconf 73' lang='lat' dir='ltr'><strong>aestatis</strong></span> <span class='ocrx_word' id='word_1_351' title='bbox 2477 1428 2764 1490; x_wconf 82' lang='lat' dir='ltr'><strong>beneficio</strong></span> <span class='ocrx_word' id='word_1_352' title='bbox 2790 1441 2959 1501; x_wconf 77' lang='lat' dir='ltr'><strong>aere,</strong></span> <span class='ocrx_word' id='word_1_353' title='bbox 2991 1431 3208 1492; x_wconf 85' lang='lat' dir='ltr'><strong>omissa</strong></span> <span class='ocrx_word' id='word_1_354' title='bbox 3239 1432 3465 1494; x_wconf 84' lang='lat' dir='ltr'><strong>interea</strong></span> <span class='ocrx_word' id='word_1_355' title='bbox 3494 1454 3657 1495; x_wconf 91' lang='lat' dir='ltr'><strong>com-</strong></span> 
     </span>
     <span class='ocr_line' id='line_1_60' title="bbox 2114 1524 3654 1602; baseline 0.006 -19"><span class='ocrx_word' id='word_1_356' title='bbox 2114 1532 2422 1602; x_wconf 72' lang='lat' dir='ltr'><strong>pensatum</strong></span> <span class='ocrx_word' id='word_1_357' title='bbox 2476 1524 2572 1583; x_wconf 88' lang='lat' dir='ltr'><strong>iri.</strong></span> <span class='ocrx_word' id='word_1_358' title='bbox 2621 1524 2849 1584; x_wconf 89' lang='lat' dir='ltr'><strong>Verum</strong></span> <span class='ocrx_word' id='word_1_359' title='bbox 2893 1524 3087 1586; x_wconf 88' lang='lat' dir='ltr'><strong>nihilo</strong></span> <span class='ocrx_word' id='word_1_360' title='bbox 3128 1525 3426 1589; x_wconf 87' lang='lat' dir='ltr'><strong>firmiores</strong></span> <span class='ocrx_word' id='word_1_361' title='bbox 3464 1529 3654 1592; x_wconf 76' lang='lat' dir='ltr'><strong>effecti</strong></span> 
     </span>
     <span class='ocr_line' id='line_1_61' title="bbox 2115 1618 3658 1698; baseline 0.006 -21"><span class='ocrx_word' id='word_1_362' title='bbox 2115 1619 2398 1698; x_wconf 86' lang='lat' dir='ltr'><strong>temporis</strong></span> <span class='ocrx_word' id='word_1_363' title='bbox 2430 1618 2532 1679; x_wconf 86' lang='lat' dir='ltr'><strong>illa</strong></span> <span class='ocrx_word' id='word_1_364' title='bbox 2564 1619 2973 1680; x_wconf 82' lang='lat' dir='ltr'><strong>vicissitudine</strong></span> <span class='ocrx_word' id='word_1_365' title='bbox 3002 1620 3181 1682; x_wconf 89' lang='lat' dir='ltr'><strong>etiam</strong></span> <span class='ocrx_word' id='word_1_366' title='bbox 3211 1641 3413 1684; x_wconf 89' lang='lat' dir='ltr'><strong>annua</strong></span> <span class='ocrx_word' id='word_1_367' title='bbox 3434 1669 3450 1694; x_wconf 93' lang='lat'><strong>,</strong></span> <span class='ocrx_word' id='word_1_368' title='bbox 3487 1623 3658 1686; x_wconf 80' lang='lat' dir='ltr'><strong>vide-</strong></span> 
     </span>
     <span class='ocr_line' id='line_1_62' title="bbox 2115 1695 3656 1802; baseline 0.005 -30"><span class='ocrx_word' id='word_1_369' title='bbox 2115 1715 2332 1773; x_wconf 84' lang='lat' dir='ltr'><strong>bamur</strong></span> <span class='ocrx_word' id='word_1_370' title='bbox 2365 1733 2471 1793; x_wconf 88' lang='lat' dir='ltr'><strong>per</strong></span> <span class='ocrx_word' id='word_1_371' title='bbox 2499 1712 2794 1793; x_wconf 87' lang='lat' dir='ltr'><strong>reliquam</strong></span> <span class='ocrx_word' id='word_1_372' title='bbox 2824 1715 3009 1775; x_wconf 81' lang='lat' dir='ltr'><strong>vitam</strong></span> <span class='ocrx_word' id='word_1_373' title='bbox 3038 1734 3276 1777; x_wconf 89' lang='lat' dir='ltr'><strong>omnem</strong></span> <span class='ocrx_word' id='word_1_374' title='bbox 3310 1695 3529 1797; x_wconf 83' lang='lat' dir='ltr'><strong>pedum</strong></span> <span class='ocrx_word' id='word_1_375' title='bbox 3552 1722 3656 1802; x_wconf 82' lang='lat' dir='ltr'><strong>ju-</strong></span> 
     </span>
     <span class='ocr_line' id='line_1_63' title="bbox 2113 1808 3657 1893; baseline 0.006 -27"><span class='ocrx_word' id='word_1_376' title='bbox 2113 1809 2400 1881; x_wconf 62' lang='lat' dir='ltr'><strong>vamiuef&#39;,</strong></span> <span class='ocrx_word' id='word_1_377' title='bbox 2449 1816 2507 1869; x_wconf 88' lang='lat' dir='ltr'><strong>et</strong></span> <span class='ocrx_word' id='word_1_378' title='bbox 2541 1828 2644 1888; x_wconf 90' lang='lat' dir='ltr'><strong>spe</strong></span> <span class='ocrx_word' id='word_1_379' title='bbox 2686 1808 2863 1869; x_wconf 88' lang='lat' dir='ltr'><strong>simul</strong></span> <span class='ocrx_word' id='word_1_380' title='bbox 2895 1820 3148 1891; x_wconf 85' lang='lat' dir='ltr'><strong>augusta</strong></span> <span class='ocrx_word' id='word_1_381' title='bbox 3191 1813 3475 1893; x_wconf 77' lang='lat' dir='ltr'><strong>mysteria</strong></span> <span class='ocrx_word' id='word_1_382' title='bbox 3501 1814 3657 1875; x_wconf 86' lang='lat' dir='ltr'><strong>cele·</strong></span> 
     </span>
     <span class='ocr_line' id='line_1_64' title="bbox 2117 1903 3655 1984; baseline 0.004 -21"><span class='ocrx_word' id='word_1_383' title='bbox 2117 1903 2330 1964; x_wconf 88' lang='lat' dir='ltr'><strong>brandi</strong></span> <span class='ocrx_word' id='word_1_384' title='bbox 2371 1903 2659 1964; x_wconf 80' lang='lat' dir='ltr'><strong>excidisse</strong></span> <span class='ocrx_word' id='word_1_385' title='bbox 2681 1948 2697 1975; x_wconf 99' lang='lat'><strong>,</strong></span> <span class='ocrx_word' id='word_1_386' title='bbox 2735 1904 2985 1984; x_wconf 81' lang='lat' dir='ltr'><strong>jamque</strong></span> <span class='ocrx_word' id='word_1_387' title='bbox 3011 1904 3153 1965; x_wconf 83' lang='lat' dir='ltr'><strong>huic</strong></span> <span class='ocrx_word' id='word_1_388' title='bbox 3198 1907 3528 1968; x_wconf 79' lang='lat' dir='ltr'><strong>necessitati</strong></span> <span class='ocrx_word' id='word_1_389' title='bbox 3560 1907 3655 1968; x_wconf 88' lang='lat' dir='ltr'><strong>lu-</strong></span> 
     </span>
     <span class='ocr_line' id='line_1_65' title="bbox 2116 1998 3659 2079; baseline 0.003 -20"><span class='ocrx_word' id='word_1_390' title='bbox 2116 1998 2321 2059; x_wconf 88' lang='lat' dir='ltr'><strong>bentes</strong></span> <span class='ocrx_word' id='word_1_391' title='bbox 2346 1998 2928 2077; x_wconf 79' lang='lat' dir='ltr'><strong>obtemperabamuS.</strong></span> <span class='ocrx_word' id='word_1_392' title='bbox 2958 1999 3025 2059; x_wconf 90' lang='lat' dir='ltr'><strong>Id</strong></span> <span class='ocrx_word' id='word_1_393' title='bbox 3051 2019 3231 2079; x_wconf 84' lang='lat' dir='ltr'><strong>porro</strong></span> <span class='ocrx_word' id='word_1_394' title='bbox 3248 2001 3441 2062; x_wconf 87' lang='lat' dir='ltr'><strong>solum</strong></span> <span class='ocrx_word' id='word_1_395' title='bbox 3463 2013 3550 2064; x_wconf 88' lang='lat' dir='ltr'><strong>est</strong></span> <span class='ocrx_word' id='word_1_396' title='bbox 3569 2021 3659 2063; x_wconf 85' lang='lat' dir='ltr'><strong>re-</strong></span> 
     </span>
     <span class='ocr_line' id='line_1_66' title="bbox 2116 2092 3659 2174; baseline 0.003 -21"><span class='ocrx_word' id='word_1_397' title='bbox 2116 2092 2374 2172; x_wconf 91' lang='lat' dir='ltr'><strong>liquum,</strong></span> <span class='ocrx_word' id='word_1_398' title='bbox 2396 2100 2463 2153; x_wconf 89' lang='lat' dir='ltr'><strong>ut</strong></span> <span class='ocrx_word' id='word_1_399' title='bbox 2481 2092 2919 2173; x_wconf 85' lang='lat' dir='ltr'><strong>disquiramus,</strong></span> <span class='ocrx_word' id='word_1_400' title='bbox 2938 2114 3250 2174; x_wconf 81' lang='lat' dir='ltr'><strong>semperne</strong></span> <span class='ocrx_word' id='word_1_401' title='bbox 3278 2096 3457 2157; x_wconf 86' lang='lat' dir='ltr'><strong>Sacra</strong></span> <span class='ocrx_word' id='word_1_402' title='bbox 3488 2096 3659 2158; x_wconf 90' lang='lat' dir='ltr'><strong>Com-</strong></span> 
     </span>
     <span class='ocr_line' id='line_1_67' title="bbox 2117 2185 3659 2260; baseline 0.004 -13"><span class='ocrx_word' id='word_1_403' title='bbox 2117 2185 2402 2247; x_wconf 88' lang='lat' dir='ltr'><strong>munione</strong></span> <span class='ocrx_word' id='word_1_404' title='bbox 2442 2186 2629 2245; x_wconf 89' lang='lat' dir='ltr'><strong>simus</strong></span> <span class='ocrx_word' id='word_1_405' title='bbox 2677 2185 3017 2260; x_wconf 84' lang='lat' dir='ltr'><strong>reficiendi,</strong></span> <span class='ocrx_word' id='word_1_406' title='bbox 3064 2207 3142 2248; x_wconf 91' lang='lat' dir='ltr'><strong>an</strong></span> <span class='ocrx_word' id='word_1_407' title='bbox 3192 2209 3336 2249; x_wconf 84' lang='lat' dir='ltr'><strong>vero</strong></span> <span class='ocrx_word' id='word_1_408' title='bbox 3366 2190 3547 2252; x_wconf 78' lang='lat' dir='ltr'><strong>Missa</strong></span> <span class='ocrx_word' id='word_1_409' title='bbox 3579 2191 3659 2253; x_wconf 81' lang='lat' dir='ltr'><strong>sit</strong></span> 
     </span>
     <span class='ocr_line' id='line_1_68' title="bbox 2116 2281 2878 2343; baseline -0.001 -1"><span class='ocrx_word' id='word_1_410' title='bbox 2116 2281 2474 2343; x_wconf 86' lang='lat' dir='ltr'><strong>celebranda</strong></span> <span class='ocrx_word' id='word_1_411' title='bbox 2506 2281 2878 2341; x_wconf 74' lang='lat' dir='ltr'><strong>sedentibus?</strong></span> 
     </span>
    </p>

    <p class='ocr_par' dir='ltr' id='par_1_14' title="bbox 2117 2374 3679 5569">
     <span class='ocr_line' id='line_1_69' title="bbox 2238 2374 3659 2440; baseline 0.004 -6"><span class='ocrx_word' id='word_1_412' title='bbox 2238 2375 2344 2435; x_wconf 91' lang='lat' dir='ltr'><strong>IV.</strong></span> <span class='ocrx_word' id='word_1_413' title='bbox 2388 2374 2685 2434; x_wconf 83' lang='lat' dir='ltr'><strong>Lubentes</strong></span> <span class='ocrx_word' id='word_1_414' title='bbox 2714 2375 2833 2434; x_wconf 82' lang='lat' dir='ltr'><strong>Nos</strong></span> <span class='ocrx_word' id='word_1_415' title='bbox 2874 2374 3015 2436; x_wconf 91' lang='lat' dir='ltr'><strong>huic</strong></span> <span class='ocrx_word' id='word_1_416' title='bbox 3052 2375 3382 2439; x_wconf 86' lang='lat' dir='ltr'><strong>necessitati</strong></span> <span class='ocrx_word' id='word_1_417' title='bbox 3419 2378 3659 2440; x_wconf 84' lang='lat' dir='ltr'><strong>cessisse</strong></span> 
     </span>
     <span class='ocr_line' id='line_1_70' title="bbox 2119 2468 3661 2548; baseline 0.003 -18"><span class='ocrx_word' id='word_1_418' title='bbox 2119 2471 2415 2542; x_wconf 85' lang='lat' dir='ltr'><strong>diximus,</strong></span> <span class='ocrx_word' id='word_1_419' title='bbox 2450 2488 2646 2548; x_wconf 90' lang='lat' dir='ltr'><strong>neque</strong></span> <span class='ocrx_word' id='word_1_420' title='bbox 2673 2468 2836 2548; x_wconf 87' lang='lat' dir='ltr'><strong>enim</strong></span> <span class='ocrx_word' id='word_1_421' title='bbox 2878 2490 2914 2531; x_wconf 85' lang='lat' dir='ltr'><strong>a</strong></span> <span class='ocrx_word' id='word_1_422' title='bbox 2942 2472 3069 2531; x_wconf 88' lang='lat' dir='ltr'><strong>Deo</strong></span> <span class='ocrx_word' id='word_1_423' title='bbox 3107 2471 3234 2532; x_wconf 84' lang='lat' dir='ltr'><strong>sive</strong></span> <span class='ocrx_word' id='word_1_424' title='bbox 3271 2471 3489 2547; x_wconf 85' lang='lat' dir='ltr'><strong>vitam,</strong></span> <span class='ocrx_word' id='word_1_425' title='bbox 3533 2473 3661 2534; x_wconf 84' lang='lat' dir='ltr'><strong>sive</strong></span> 
     </span>
     <span class='ocr_line' id='line_1_71' title="bbox 2119 2561 3660 2643; baseline 0.002 -19"><span class='ocrx_word' id='word_1_426' title='bbox 2119 2562 2491 2625; x_wconf 81' lang='lat' dir='ltr'><strong>infirmitatis</strong></span> <span class='ocrx_word' id='word_1_427' title='bbox 2533 2561 2895 2622; x_wconf 88' lang='lat' dir='ltr'><strong>ablationem</strong></span> <span class='ocrx_word' id='word_1_428' title='bbox 2952 2563 3303 2643; x_wconf 79' lang='lat' dir='ltr'><strong>petivimuS,</strong></span> <span class='ocrx_word' id='word_1_429' title='bbox 3349 2567 3660 2628; x_wconf 84' lang='lat' dir='ltr'><strong>Sanctissi-</strong></span> 
     </span>
     <span class='ocr_line' id='line_1_72' title="bbox 2123 2657 3657 2739; baseline 0.001 -20"><span class='ocrx_word' id='word_1_430' title='bbox 2123 2678 2254 2720; x_wconf 90' lang='lat' dir='ltr'><strong>mae</strong></span> <span class='ocrx_word' id='word_1_431' title='bbox 2298 2660 2426 2739; x_wconf 88' lang='lat' dir='ltr'><strong>ejus</strong></span> <span class='ocrx_word' id='word_1_432' title='bbox 2457 2657 2752 2718; x_wconf 81' lang='lat' dir='ltr'><strong>voluntati</strong></span> <span class='ocrx_word' id='word_1_433' title='bbox 2800 2657 2963 2717; x_wconf 91' lang='lat' dir='ltr'><strong>omni</strong></span> <span class='ocrx_word' id='word_1_434' title='bbox 3000 2658 3196 2719; x_wconf 89' lang='lat' dir='ltr'><strong>cordis</strong></span> <span class='ocrx_word' id='word_1_435' title='bbox 3242 2659 3618 2739; x_wconf 85' lang='lat' dir='ltr'><strong>plenitudine</strong></span> <span class='ocrx_word' id='word_1_436' title='bbox 3642 2707 3657 2732; x_wconf 91' lang='lat'><strong>,</strong></span> 
     </span>
     <span class='ocr_line' id='line_1_73' title="bbox 2118 2752 3663 2835; baseline 0.001 -20"><span class='ocrx_word' id='word_1_437' title='bbox 2118 2763 2177 2816; x_wconf 85' lang='lat' dir='ltr'><strong>et</strong></span> <span class='ocrx_word' id='word_1_438' title='bbox 2208 2753 2547 2815; x_wconf 75' lang='lat' dir='ltr'><strong>sinceritate</strong></span> <span class='ocrx_word' id='word_1_439' title='bbox 2575 2752 2821 2833; x_wconf 82' lang='lat' dir='ltr'><strong>subjecti</strong></span> <span class='ocrx_word' id='word_1_440' title='bbox 2848 2799 2863 2822; x_wconf 93' lang='lat'><strong>,</strong></span> <span class='ocrx_word' id='word_1_441' title='bbox 2894 2754 3070 2825; x_wconf 89' lang='lat' dir='ltr'><strong>certi,</strong></span> <span class='ocrx_word' id='word_1_442' title='bbox 3115 2754 3310 2835; x_wconf 92' lang='lat' dir='ltr'><strong>ipsum</strong></span> <span class='ocrx_word' id='word_1_443' title='bbox 3340 2764 3400 2816; x_wconf 84' lang='lat' dir='ltr'><strong>et</strong></span> <span class='ocrx_word' id='word_1_444' title='bbox 3426 2756 3663 2818; x_wconf 88' lang='lat' dir='ltr'><strong>animae</strong></span> 
     </span>
     <span class='ocr_line' id='line_1_74' title="bbox 2120 2845 3664 2927; baseline 0.001 -19"><span class='ocrx_word' id='word_1_445' title='bbox 2120 2857 2389 2920; x_wconf 87' lang='lat' dir='ltr'><strong>nostrae,</strong></span> <span class='ocrx_word' id='word_1_446' title='bbox 2438 2854 2495 2906; x_wconf 89' lang='lat' dir='ltr'><strong>et</strong></span> <span class='ocrx_word' id='word_1_447' title='bbox 2524 2845 2850 2918; x_wconf 64' lang='lat' dir='ltr'><strong>Ruth-siae,</strong></span> <span class='ocrx_word' id='word_1_448' title='bbox 2881 2855 2934 2906; x_wconf 84' lang='lat' dir='ltr'><strong>et</strong></span> <span class='ocrx_word' id='word_1_449' title='bbox 2965 2845 3134 2907; x_wconf 89' lang='lat' dir='ltr'><strong>Sedis</strong></span> <span class='ocrx_word' id='word_1_450' title='bbox 3161 2847 3530 2927; x_wconf 82' lang='lat' dir='ltr'><strong>Apostolicae</strong></span> <span class='ocrx_word' id='word_1_451' title='bbox 3554 2869 3664 2910; x_wconf 90' lang='lat' dir='ltr'><strong>cu-</strong></span> 
     </span>
     <span class='ocr_line' id='line_1_75' title="bbox 2119 2940 3666 3023; baseline -0.001 -19"><span class='ocrx_word' id='word_1_452' title='bbox 2119 2963 2252 3004; x_wconf 90' lang='lat' dir='ltr'><strong>ram</strong></span> <span class='ocrx_word' id='word_1_453' title='bbox 2298 2941 2685 3013; x_wconf 88' lang='lat' dir='ltr'><strong>habiturum,</strong></span> <span class='ocrx_word' id='word_1_454' title='bbox 2727 2960 3001 3001; x_wconf 86' lang='lat' dir='ltr'><strong>concesso</strong></span> <span class='ocrx_word' id='word_1_455' title='bbox 3038 2940 3221 3002; x_wconf 89' lang='lat' dir='ltr'><strong>etiam</strong></span> <span class='ocrx_word' id='word_1_456' title='bbox 3256 2942 3463 3023; x_wconf 84' lang='lat' dir='ltr'><strong>aliquo</strong></span> <span class='ocrx_word' id='word_1_457' title='bbox 3504 2943 3666 3005; x_wconf 77' lang='lat' dir='ltr'><strong>vitae</strong></span> 
     </span>
     <span class='ocr_line' id='line_1_76' title="bbox 2119 3036 3666 3118; baseline 0.001 -22"><span class='ocrx_word' id='word_1_458' title='bbox 2119 3037 2330 3117; x_wconf 85' lang='lat' dir='ltr'><strong>spatio.</strong></span> <span class='ocrx_word' id='word_1_459' title='bbox 2368 3036 2645 3097; x_wconf 80' lang='lat' dir='ltr'><strong>Diximus</strong></span> <span class='ocrx_word' id='word_1_460' title='bbox 2676 3042 2980 3114; x_wconf 88' lang='lat' dir='ltr'><strong>praeterea</strong></span> <span class='ocrx_word' id='word_1_461' title='bbox 3012 3042 3245 3116; x_wconf 85' lang='lat' dir='ltr'><strong>tempus</strong></span> <span class='ocrx_word' id='word_1_462' title='bbox 3270 3038 3509 3111; x_wconf 83' lang='lat' dir='ltr'><strong>adesse,</strong></span> <span class='ocrx_word' id='word_1_463' title='bbox 3542 3057 3666 3118; x_wconf 91' lang='lat' dir='ltr'><strong>quo</strong></span> 
     </span>
     <span class='ocr_line' id='line_1_77' title="bbox 2120 3130 3668 3210; baseline -0.001 -16"><span class='ocrx_word' id='word_1_464' title='bbox 2120 3130 2645 3193; x_wconf 84' lang='lat' dir='ltr'><strong>determinandum</strong></span> <span class='ocrx_word' id='word_1_465' title='bbox 2691 3138 2875 3201; x_wconf 79' lang='lat' dir='ltr'><strong>esset,</strong></span> <span class='ocrx_word' id='word_1_466' title='bbox 2923 3130 3371 3210; x_wconf 84' lang='lat' dir='ltr'><strong>pergendumne</strong></span> <span class='ocrx_word' id='word_1_467' title='bbox 3416 3131 3480 3192; x_wconf 91' lang='lat' dir='ltr'><strong>in</strong></span> <span class='ocrx_word' id='word_1_468' title='bbox 3523 3152 3668 3195; x_wconf 83' lang='lat' dir='ltr'><strong>eon-</strong></span> 
     </span>
     <span class='ocr_line' id='line_1_78' title="bbox 2119 3224 3669 3307; baseline 0.002 -22"><span class='ocrx_word' id='word_1_469' title='bbox 2119 3234 2285 3288; x_wconf 82' lang='lat' dir='ltr'><strong>sueta</strong></span> <span class='ocrx_word' id='word_1_470' title='bbox 2335 3225 2646 3303; x_wconf 89' lang='lat' dir='ltr'><strong>bucusque</strong></span> <span class='ocrx_word' id='word_1_471' title='bbox 2673 3224 2888 3285; x_wconf 87' lang='lat' dir='ltr'><strong>Sacrae</strong></span> <span class='ocrx_word' id='word_1_472' title='bbox 2914 3224 3329 3286; x_wconf 88' lang='lat' dir='ltr'><strong>Eucharistiae</strong></span> <span class='ocrx_word' id='word_1_473' title='bbox 3371 3227 3669 3307; x_wconf 88' lang='lat' dir='ltr'><strong>sumptio·</strong></span> 
     </span>
     <span class='ocr_line' id='line_1_79' title="bbox 2122 3318 3659 3394; baseline 0.001 -13"><span class='ocrx_word' id='word_1_474' title='bbox 2122 3341 2227 3394; x_wconf 88' lang='lat' dir='ltr'><strong>ne,</strong></span> <span class='ocrx_word' id='word_1_475' title='bbox 2260 3341 2335 3383; x_wconf 89' lang='lat' dir='ltr'><strong>an</strong></span> <span class='ocrx_word' id='word_1_476' title='bbox 2368 3339 2515 3381; x_wconf 84' lang='lat' dir='ltr'><strong>vero</strong></span> <span class='ocrx_word' id='word_1_477' title='bbox 2539 3319 2721 3380; x_wconf 85' lang='lat' dir='ltr'><strong>Missa</strong></span> <span class='ocrx_word' id='word_1_478' title='bbox 2740 3326 2890 3379; x_wconf 88' lang='lat' dir='ltr'><strong>esset</strong></span> <span class='ocrx_word' id='word_1_479' title='bbox 2911 3318 3267 3381; x_wconf 84' lang='lat' dir='ltr'><strong>celebranda</strong></span> <span class='ocrx_word' id='word_1_480' title='bbox 3295 3320 3659 3382; x_wconf 84' lang='lat' dir='ltr'><strong>sedentibus.</strong></span> 
     </span>
     <span class='ocr_line' id='line_1_80' title="bbox 2119 3413 3667 3492; baseline -0.002 -14"><span class='ocrx_word' id='word_1_481' title='bbox 2119 3416 2270 3478; x_wconf 91' lang='lat' dir='ltr'><strong>Cum</strong></span> <span class='ocrx_word' id='word_1_482' title='bbox 2298 3434 2443 3475; x_wconf 82' lang='lat' dir='ltr'><strong>vero</strong></span> <span class='ocrx_word' id='word_1_483' title='bbox 2458 3413 2749 3476; x_wconf 87' lang='lat' dir='ltr'><strong>&#39;Salomon</strong></span> <span class='ocrx_word' id='word_1_484' title='bbox 2781 3413 2956 3473; x_wconf 77' lang='lat' dir='ltr'><strong>Prov.</strong></span> <span class='ocrx_word' id='word_1_485' title='bbox 2988 3432 3116 3492; x_wconf 86' lang='lat' dir='ltr'><strong>cap.</strong></span> <span class='ocrx_word' id='word_1_486' title='bbox 3150 3419 3225 3478; x_wconf 83' lang='grc'><strong>,3.</strong></span> <span class='ocrx_word' id='word_1_487' title='bbox 3261 3414 3565 3477; x_wconf 65' lang='lat' dir='ltr'><strong>hortetur:</strong></span> <span class='ocrx_word' id='word_1_488' title='bbox 3593 3435 3667 3475; x_wconf 83' lang='lat' dir='ltr'><strong>ne</strong></span> 
     </span>
     <span class='ocr_line' id='line_1_81' title="bbox 2119 3508 3666 3588; baseline 0 -19"><span class='ocrx_word' id='word_1_489' title='bbox 2119 3511 2395 3570; x_wconf 75' lang='lat' dir='ltr'><strong>innitaris</strong></span> <span class='ocrx_word' id='word_1_490' title='bbox 2439 3508 2773 3588; x_wconf 72' lang='lat' dir='ltr'><strong>prudentiae</strong></span> <span class='ocrx_word' id='word_1_491' title='bbox 2824 3517 2982 3574; x_wconf 82' lang='lat' dir='ltr'><strong>tuae,</strong></span> <span class='ocrx_word' id='word_1_492' title='bbox 3039 3525 3196 3585; x_wconf 90' lang='lat' dir='ltr'><strong>quae</strong></span> <span class='ocrx_word' id='word_1_493' title='bbox 3239 3508 3447 3568; x_wconf 90' lang='lat' dir='ltr'><strong>eadem</strong></span> <span class='ocrx_word' id='word_1_494' title='bbox 3478 3510 3666 3570; x_wconf 81' lang='lat' dir='ltr'><strong>verba</strong></span> 
     </span>
     <span class='ocr_line' id='line_1_82' title="bbox 2117 3599 3665 3677; baseline -0.003 -11"><span class='ocrx_word' id='word_1_495' title='bbox 2117 3604 2182 3666; x_wconf 87' lang='lat' dir='ltr'><strong>in</strong></span> <span class='ocrx_word' id='word_1_496' title='bbox 2235 3601 2530 3665; x_wconf 80' lang='lat' dir='ltr'><strong>Decretali</strong></span> <span class='ocrx_word' id='word_1_497' title='bbox 2574 3602 2964 3661; x_wconf 54' lang='lat' dir='ltr'><strong>ne‘ff&#39;nnitaris</strong></span> <span class='ocrx_word' id='word_1_498' title='bbox 2980 3648 2997 3670; x_wconf 90' lang='lat'><strong>,</strong></span> <span class='ocrx_word' id='word_1_499' title='bbox 3046 3599 3129 3660; x_wconf 85' lang='lat' dir='ltr'><strong>De</strong></span> <span class='ocrx_word' id='word_1_500' title='bbox 3176 3604 3665 3677; x_wconf 72' lang='lat' dir='ltr'><strong>constitutionibus</strong></span> 
     </span>
     <span class='ocr_line' id='line_1_83' title="bbox 2120 3694 3664 3760; baseline -0.002 -1"><span class='ocrx_word' id='word_1_501' title='bbox 2120 3699 2363 3760; x_wconf 89' lang='lat' dir='ltr'><strong>laudata</strong></span> <span class='ocrx_word' id='word_1_502' title='bbox 2393 3697 2478 3758; x_wconf 90' lang='lat' dir='ltr'><strong>sic</strong></span> <span class='ocrx_word' id='word_1_503' title='bbox 2524 3695 2788 3755; x_wconf 84' lang='lat' dir='ltr'><strong>illustrat</strong></span> <span class='ocrx_word' id='word_1_504' title='bbox 2838 3694 3155 3755; x_wconf 85' lang='lat' dir='ltr'><strong>Jansenius</strong></span> <span class='ocrx_word' id='word_1_505' title='bbox 3185 3695 3246 3756; x_wconf 91' lang='lat' dir='ltr'><strong>in</strong></span> <span class='ocrx_word' id='word_1_506' title='bbox 3289 3696 3616 3758; x_wconf 81' lang='lat' dir='ltr'><strong>Proverbia</strong></span> <span class='ocrx_word' id='word_1_507' title='bbox 3642 3717 3664 3756; x_wconf 94' lang='lat'><strong>.·</strong></span> 
     </span>
     <span class='ocr_line' id='line_1_84' title="bbox 2118 3792 3663 3874; baseline -0.001 -20"><span class='ocrx_word' id='word_1_508' title='bbox 2118 3804 2267 3854; x_wconf 58' lang='lat' dir='ltr'><strong>metat</strong></span> <span class='ocrx_word' id='word_1_509' title='bbox 2314 3794 2427 3851; x_wconf 87' lang='lat' dir='ltr'><strong>niti</strong></span> <span class='ocrx_word' id='word_1_510' title='bbox 2454 3811 2587 3852; x_wconf 79' lang='lat' dir='ltr'><strong>snae</strong></span> <span class='ocrx_word' id='word_1_511' title='bbox 2613 3792 2982 3871; x_wconf 78' lang='lat' dir='ltr'><strong>prudentiae,</strong></span> <span class='ocrx_word' id='word_1_512' title='bbox 3020 3793 3168 3869; x_wconf 76' lang='lat' dir='ltr'><strong>quod</strong></span> <span class='ocrx_word' id='word_1_513' title='bbox 3193 3803 3272 3852; x_wconf 85' lang='lat' dir='ltr'><strong>est</strong></span> <span class='ocrx_word' id='word_1_514' title='bbox 3297 3794 3376 3854; x_wconf 82' lang='lat' dir='ltr'><strong>sie</strong></span> <span class='ocrx_word' id='word_1_515' title='bbox 3405 3794 3503 3852; x_wconf 85' lang='lat' dir='ltr'><strong>illi</strong></span> <span class='ocrx_word' id='word_1_516' title='bbox 3526 3794 3663 3874; x_wconf 77' lang='lat' dir='ltr'><strong>fide-</strong></span> 
     </span>
     <span class='ocr_line' id='line_1_85' title="bbox 2118 3886 3668 3967; baseline -0.001 -19"><span class='ocrx_word' id='word_1_517' title='bbox 2118 3908 2179 3948; x_wconf 83' lang='lat' dir='ltr'><strong>re</strong></span> <span class='ocrx_word' id='word_1_518' title='bbox 2207 3886 2428 3967; x_wconf 51' lang='lat' dir='ltr'><strong>{qnasi</strong></span> <span class='ocrx_word' id='word_1_519' title='bbox 2475 3886 2587 3946; x_wconf 76' lang='lat' dir='ltr'><strong>itta</strong></span> <span class='ocrx_word' id='word_1_520' title='bbox 2630 3886 2876 3965; x_wconf 75' lang='lat' dir='ltr'><strong>sufficiat</strong></span> <span class='ocrx_word' id='word_1_521' title='bbox 2905 3887 2982 3946; x_wconf 84' lang='lat' dir='ltr'><strong>ad</strong></span> <span class='ocrx_word' id='word_1_522' title='bbox 3010 3887 3390 3947; x_wconf 73' lang='lat' dir='ltr'><strong>‘directionem</strong></span> <span class='ocrx_word' id='word_1_523' title='bbox 3436 3898 3668 3948; x_wconf 69' lang='lat' dir='ltr'><strong>astitum</strong></span> 
     </span>
     <span class='ocr_line' id='line_1_86' title="bbox 2120 3981 3660 4058; baseline -0.001 -17"><span class='ocrx_word' id='word_1_524' title='bbox 2120 3993 2473 4050; x_wconf 79' lang='lat' dir='ltr'><strong>nostrornm,</strong></span> <span class='ocrx_word' id='word_1_525' title='bbox 2503 3989 2555 4039; x_wconf 85' lang='lat' dir='ltr'><strong>et</strong></span> <span class='ocrx_word' id='word_1_526' title='bbox 2580 3981 2951 4058; x_wconf 74' lang='lat' dir='ltr'><strong>provisionem</strong></span> <span class='ocrx_word' id='word_1_527' title='bbox 2982 3998 3173 4039; x_wconf 74' lang='lat' dir='ltr'><strong>rernm</strong></span> <span class='ocrx_word' id='word_1_528' title='bbox 3197 3982 3660 4041; x_wconf 69' lang='lat' dir='ltr'><strong>necessariarum.</strong></span> 
     </span>
     <span class='ocr_line' id='line_1_87' title="bbox 2122 4071 3671 4135; baseline -0.001 0"><span class='ocrx_word' id='word_1_529' title='bbox 2122 4073 2414 4135; x_wconf 87' lang='lat' dir='ltr'><strong>Similiter</strong></span> <span class='ocrx_word' id='word_1_530' title='bbox 2468 4071 2709 4133; x_wconf 85' lang='lat' dir='ltr'><strong>Salazar</strong></span> <span class='ocrx_word' id='word_1_531' title='bbox 2757 4071 2822 4132; x_wconf 92' lang='lat' dir='ltr'><strong>in</strong></span> <span class='ocrx_word' id='word_1_532' title='bbox 2871 4071 3150 4133; x_wconf 85' lang='lat' dir='ltr'><strong>eumdem</strong></span> <span class='ocrx_word' id='word_1_533' title='bbox 3200 4073 3671 4134; x_wconf 78' lang='lat' dir='ltr'><strong>Proverbiorum</strong></span> 
     </span>
     <span class='ocr_line' id='line_1_88' title="bbox 2123 4167 3670 4250; baseline -0.004 -15"><span class='ocrx_word' id='word_1_534' title='bbox 2123 4173 2320 4235; x_wconf 89' lang='lat' dir='ltr'><strong>locum</strong></span> <span class='ocrx_word' id='word_1_535' title='bbox 2364 4189 2534 4230; x_wconf 89' lang='lat' dir='ltr'><strong>num.</strong></span> <span class='ocrx_word' id='word_1_536' title='bbox 2587 4173 2685 4229; x_wconf 77' lang='lat'><strong>26.</strong></span> <span class='ocrx_word' id='word_1_537' title='bbox 2737 4187 2873 4228; x_wconf 90' lang='lat' dir='ltr'><strong>cum</strong></span> <span class='ocrx_word' id='word_1_538' title='bbox 2921 4167 2981 4227; x_wconf 89' lang='lat' dir='ltr'><strong>S.</strong></span> <span class='ocrx_word' id='word_1_539' title='bbox 3019 4169 3192 4229; x_wconf 87' lang='lat' dir='ltr'><strong>Joan.</strong></span> <span class='ocrx_word' id='word_1_540' title='bbox 3246 4167 3670 4250; x_wconf 82' lang='lat' dir='ltr'><strong>Chrysostomo</strong></span> 
     </span>
     <span class='ocr_line' id='line_1_89' title="bbox 2122 4260 3667 4342; baseline -0.005 -14"><span class='ocrx_word' id='word_1_541' title='bbox 2122 4268 2442 4334; x_wconf 82' lang='lat' dir='ltr'><strong>observat,</strong></span> <span class='ocrx_word' id='word_1_542' title='bbox 2485 4263 2600 4323; x_wconf 85' lang='lat' dir='ltr'><strong>hac</strong></span> <span class='ocrx_word' id='word_1_543' title='bbox 2642 4261 2772 4342; x_wconf 82' lang='lat' dir='ltr'><strong>lege</strong></span> <span class='ocrx_word' id='word_1_544' title='bbox 2804 4260 2992 4321; x_wconf 87' lang='lat' dir='ltr'><strong>teneri</strong></span> <span class='ocrx_word' id='word_1_545' title='bbox 3027 4261 3209 4321; x_wconf 88' lang='lat' dir='ltr'><strong>etiam</strong></span> <span class='ocrx_word' id='word_1_546' title='bbox 3256 4279 3426 4321; x_wconf 88' lang='lat' dir='ltr'><strong>senes</strong></span> <span class='ocrx_word' id='word_1_547' title='bbox 3470 4279 3667 4340; x_wconf 89' lang='lat' dir='ltr'><strong>quan-</strong></span> 
     </span>
     <span class='ocr_line' id='line_1_90' title="bbox 2126 4354 3672 4439; baseline -0.003 -17"><span class='ocrx_word' id='word_1_548' title='bbox 2126 4372 2516 4439; x_wconf 87' lang='lat' dir='ltr'><strong>tumcumque</strong></span> <span class='ocrx_word' id='word_1_549' title='bbox 2559 4376 2767 4418; x_wconf 86' lang='lat' dir='ltr'><strong>rerum</strong></span> <span class='ocrx_word' id='word_1_550' title='bbox 2807 4354 3175 4435; x_wconf 84' lang='lat' dir='ltr'><strong>experientia</strong></span> <span class='ocrx_word' id='word_1_551' title='bbox 3221 4355 3521 4435; x_wconf 87' lang='lat' dir='ltr'><strong>praeditos</strong></span> <span class='ocrx_word' id='word_1_552' title='bbox 3547 4400 3563 4428; x_wconf 90' lang='lat'><strong>,</strong></span> <span class='ocrx_word' id='word_1_553' title='bbox 3609 4364 3672 4418; x_wconf 86' lang='lat' dir='ltr'><strong>et</strong></span> 
     </span>
     <span class='ocr_line' id='line_1_91' title="bbox 2124 4448 3671 4536; baseline -0.003 -21"><span class='ocrx_word' id='word_1_554' title='bbox 2124 4471 2506 4536; x_wconf 87' lang='lat' dir='ltr'><strong>quocumque</strong></span> <span class='ocrx_word' id='word_1_555' title='bbox 2539 4449 2894 4532; x_wconf 85' lang='lat' dir='ltr'><strong>prudentiae</strong></span> <span class='ocrx_word' id='word_1_556' title='bbox 2920 4448 3134 4510; x_wconf 89' lang='lat' dir='ltr'><strong>baculo</strong></span> <span class='ocrx_word' id='word_1_557' title='bbox 3163 4449 3460 4510; x_wconf 70' lang='lat' dir='ltr'><strong>suffultosz</strong></span> <span class='ocrx_word' id='word_1_558' title='bbox 3482 4448 3671 4510; x_wconf 66' lang='lat' dir='ltr'><strong>Baeto-</strong></span> 
     </span>
     <span class='ocr_line' id='line_1_92' title="bbox 2128 4545 3674 4626; baseline -0.004 -17"><span class='ocrx_word' id='word_1_559' title='bbox 2128 4552 2214 4609; x_wconf 80' lang='lat' dir='ltr'><strong>lns</strong></span> <span class='ocrx_word' id='word_1_560' title='bbox 2236 4597 2250 4617; x_wconf 87' lang='lat'><strong>,</strong></span> <span class='ocrx_word' id='word_1_561' title='bbox 2284 4550 2470 4626; x_wconf 73' lang='lat' dir='ltr'><strong>in&#39;quit</strong></span> <span class='ocrx_word' id='word_1_562' title='bbox 2501 4545 2924 4625; x_wconf 73' lang='lat' dir='ltr'><strong>Chrysostamns</strong></span> <span class='ocrx_word' id='word_1_563' title='bbox 2944 4592 2959 4613; x_wconf 88' lang='lat'><strong>,</strong></span> <span class='ocrx_word' id='word_1_564' title='bbox 3004 4546 3296 4604; x_wconf 69' lang='lat' dir='ltr'><strong>senectutis</strong></span> <span class='ocrx_word' id='word_1_565' title='bbox 3341 4545 3674 4605; x_wconf 70' lang='lat' dir='ltr'><strong>sitstentatia</strong></span> 
     </span>
     <span class='ocr_line' id='line_1_93' title="bbox 2126 4636 3673 4723; baseline -0.005 -18"><span class='ocrx_word' id='word_1_566' title='bbox 2126 4657 2225 4705; x_wconf 87' lang='lat' dir='ltr'><strong>est.</strong></span> <span class='ocrx_word' id='word_1_567' title='bbox 2266 4642 2625 4723; x_wconf 80' lang='lat' dir='ltr'><strong>Quapropter</strong></span> <span class='ocrx_word' id='word_1_568' title='bbox 2670 4640 2949 4710; x_wconf 77' lang='lat' dir='ltr'><strong>dioeerim,</strong></span> <span class='ocrx_word' id='word_1_569' title='bbox 3000 4657 3061 4698; x_wconf 88' lang='lat' dir='ltr'><strong>eo</strong></span> <span class='ocrx_word' id='word_1_570' title='bbox 3106 4649 3369 4717; x_wconf 74' lang='lat' dir='ltr'><strong>spectasse</strong></span> <span class='ocrx_word' id='word_1_571' title='bbox 3410 4636 3673 4698; x_wconf 84' lang='lat' dir='ltr'><strong>Salomo-</strong></span> 
     </span>
     <span class='ocr_line' id='line_1_94' title="bbox 2124 4732 3673 4812; baseline -0.005 -13"><span class='ocrx_word' id='word_1_572' title='bbox 2124 4760 2250 4800; x_wconf 86' lang='lat' dir='ltr'><strong>nem</strong></span> <span class='ocrx_word' id='word_1_573' title='bbox 2272 4787 2285 4808; x_wconf 91' lang='lat'><strong><em>‚</em></strong></span> <span class='ocrx_word' id='word_1_574' title='bbox 2317 4749 2382 4798; x_wconf 79' lang='lat' dir='ltr'><strong>ut</strong></span> <span class='ocrx_word' id='word_1_575' title='bbox 2427 4738 2514 4796; x_wconf 70' lang='lat' dir='ltr'><strong>his</strong></span> <span class='ocrx_word' id='word_1_576' title='bbox 2541 4734 2719 4794; x_wconf 81' lang='lat' dir='ltr'><strong>verbis</strong></span> <span class='ocrx_word' id='word_1_577' title='bbox 2752 4734 3017 4802; x_wconf 71' lang='lat' dir='ltr'><strong>suadeat,</strong></span> <span class='ocrx_word' id='word_1_578' title='bbox 3050 4734 3387 4811; x_wconf 81' lang='lat' dir='ltr'><strong>sapientiae,</strong></span> <span class='ocrx_word' id='word_1_579' title='bbox 3419 4732 3507 4792; x_wconf 78' lang='lat' dir='ltr'><strong>vel</strong></span> <span class='ocrx_word' id='word_1_580' title='bbox 3524 4750 3673 4812; x_wconf 72' lang='lat' dir='ltr'><strong>pru-</strong></span> 
     </span>
     <span class='ocr_line' id='line_1_95' title="bbox 2125 4826 3675 4912; baseline -0.005 -18"><span class='ocrx_word' id='word_1_581' title='bbox 2125 4836 2345 4894; x_wconf 82' lang='lat' dir='ltr'><strong>dentiae</strong></span> <span class='ocrx_word' id='word_1_582' title='bbox 2374 4832 2639 4912; x_wconf 81' lang='lat' dir='ltr'><strong>propriae</strong></span> <span class='ocrx_word' id='word_1_583' title='bbox 2666 4848 2781 4887; x_wconf 84' lang='lat' dir='ltr'><strong>non</strong></span> <span class='ocrx_word' id='word_1_584' title='bbox 2805 4829 3001 4887; x_wconf 81' lang='lat' dir='ltr'><strong>inniti.</strong></span> <span class='ocrx_word' id='word_1_585' title='bbox 3037 4826 3223 4896; x_wconf 85' lang='lat' dir='ltr'><strong>Nam,</strong></span> <span class='ocrx_word' id='word_1_586' title='bbox 3260 4829 3311 4885; x_wconf 78' lang='lat' dir='ltr'><strong>si</strong></span> <span class='ocrx_word' id='word_1_587' title='bbox 3336 4829 3440 4905; x_wconf 76' lang='lat' dir='ltr'><strong>qui</strong></span> <span class='ocrx_word' id='word_1_588' title='bbox 3456 4836 3675 4907; x_wconf 76' lang='lat' dir='ltr'><strong>possent</strong></span> 
     </span>
     <span class='ocr_line' id='line_1_96' title="bbox 2125 4922 3673 5007; baseline -0.005 -17"><span class='ocrx_word' id='word_1_589' title='bbox 2125 4940 2272 4990; x_wconf 87' lang='lat' dir='ltr'><strong>certo</strong></span> <span class='ocrx_word' id='word_1_590' title='bbox 2293 4925 2850 5007; x_wconf 77' lang='lat' dir='ltr'><strong>propriiseonsiliis,</strong></span> <span class='ocrx_word' id='word_1_591' title='bbox 2880 4934 2930 4982; x_wconf 83' lang='lat' dir='ltr'><strong>et-</strong></span> <span class='ocrx_word' id='word_1_592' title='bbox 2959 4923 3290 5003; x_wconf 66' lang='lat' dir='ltr'><strong>prnuientiae</strong></span> <span class='ocrx_word' id='word_1_593' title='bbox 3316 4922 3518 5003; x_wconf 78' lang='lat' dir='ltr'><strong>fidere,</strong></span> <span class='ocrx_word' id='word_1_594' title='bbox 3548 4940 3673 4982; x_wconf 84' lang='lat' dir='ltr'><strong>ma-</strong></span> 
     </span>
     <span class='ocr_line' id='line_1_97' title="bbox 2125 5017 3675 5098; baseline -0.006 -14"><span class='ocrx_word' id='word_1_595' title='bbox 2125 5026 2281 5084; x_wconf 78' lang='lat' dir='ltr'><strong>xime</strong></span> <span class='ocrx_word' id='word_1_596' title='bbox 2300 5039 2454 5083; x_wconf 60' lang='lat' dir='ltr'><strong>‘senes</strong></span> <span class='ocrx_word' id='word_1_597' title='bbox 2473 5069 2488 5092; x_wconf 91' lang='lat'><strong>,</strong></span> <span class='ocrx_word' id='word_1_598' title='bbox 2519 5030 2569 5080; x_wconf 89' lang='lat' dir='ltr'><strong>et</strong></span> <span class='ocrx_word' id='word_1_599' title='bbox 2596 5019 2926 5097; x_wconf 62' lang='lat' dir='ltr'><strong>mandant,</strong></span> <span class='ocrx_word' id='word_1_600' title='bbox 2954 5027 3180 5098; x_wconf 81' lang='lat' dir='ltr'><strong>propter</strong></span> <span class='ocrx_word' id='word_1_601' title='bbox 3205 5017 3675 5097; x_wconf 65' lang='lat' dir='ltr'><strong>experimontum,</strong></span> 
     </span>
     <span class='ocr_line' id='line_1_98' title="bbox 2125 5109 3670 5193; baseline -0.008 -14"><span class='ocrx_word' id='word_1_602' title='bbox 2125 5130 2179 5179; x_wconf 88' lang='lat' dir='ltr'><strong>et</strong></span> <span class='ocrx_word' id='word_1_603' title='bbox 2206 5137 2394 5179; x_wconf 87' lang='lat' dir='ltr'><strong>canos.</strong></span> <span class='ocrx_word' id='word_1_604' title='bbox 2430 5115 2539 5175; x_wconf 23' lang='lat' dir='ltr'><strong>Ait.</strong></span> <span class='ocrx_word' id='word_1_605' title='bbox 2562 5134 2719 5192; x_wconf 73' lang='lat' dir='ltr'><strong>erqo,</strong></span> <span class='ocrx_word' id='word_1_606' title='bbox 2755 5133 2823 5172; x_wconf 89' lang='lat' dir='ltr'><strong>ne</strong></span> <span class='ocrx_word' id='word_1_607' title='bbox 2850 5113 3217 5193; x_wconf 76' lang='lat' dir='ltr'><strong>prudentiae,</strong></span> <span class='ocrx_word' id='word_1_608' title='bbox 3247 5113 3415 5191; x_wconf 79' lang='lat' dir='ltr'><strong>qnasi</strong></span> <span class='ocrx_word' id='word_1_609' title='bbox 3441 5109 3670 5179; x_wconf 72' lang='lat' dir='ltr'><strong>baculo,</strong></span> 
     </span>
     <span class='ocr_line' id='line_1_99' title="bbox 2133 5204 3673 5286; baseline -0.007 -14"><span class='ocrx_word' id='word_1_610' title='bbox 2133 5213 2427 5273; x_wconf 80' lang='lat' dir='ltr'><strong>innitaris:</strong></span> <span class='ocrx_word' id='word_1_611' title='bbox 2458 5209 2520 5268; x_wconf 82' lang='lat' dir='ltr'><strong>id</strong></span> <span class='ocrx_word' id='word_1_612' title='bbox 2545 5219 2657 5279; x_wconf 87' lang='lat' dir='ltr'><strong>est,</strong></span> <span class='ocrx_word' id='word_1_613' title='bbox 2686 5209 2908 5269; x_wconf 82' lang='lat' dir='ltr'><strong>etiamsi</strong></span> <span class='ocrx_word' id='word_1_614' title='bbox 2928 5207 3005 5267; x_wconf 79' lang='lat' dir='ltr'><strong>ad</strong></span> <span class='ocrx_word' id='word_1_615' title='bbox 3032 5216 3304 5266; x_wconf 81' lang='lat' dir='ltr'><strong>senectam</strong></span> <span class='ocrx_word' id='word_1_616' title='bbox 3326 5204 3673 5286; x_wconf 65' lang='lat' dir='ltr'><strong>perveneris,</strong></span> 
     </span>
     <span class='ocr_line' id='line_1_100' title="bbox 2131 5298 3678 5386; baseline -0.007 -19"><span class='ocrx_word' id='word_1_617' title='bbox 2131 5324 2428 5386; x_wconf 78' lang='lat' dir='ltr'><strong>cumopus</strong></span> <span class='ocrx_word' id='word_1_618' title='bbox 2464 5314 2542 5363; x_wconf 84' lang='lat' dir='ltr'><strong>est</strong></span> <span class='ocrx_word' id='word_1_619' title='bbox 2583 5303 2821 5371; x_wconf 72' lang='lat' dir='ltr'><strong>baculo,</strong></span> <span class='ocrx_word' id='word_1_620' title='bbox 2866 5320 2934 5362; x_wconf 83' lang='lat' dir='ltr'><strong>ne</strong></span> <span class='ocrx_word' id='word_1_621' title='bbox 2970 5298 3355 5378; x_wconf 69' lang='lat' dir='ltr'><strong>tnncqaidem</strong></span> <span class='ocrx_word' id='word_1_622' title='bbox 3397 5306 3678 5376; x_wconf 68' lang='lat' dir='ltr'><strong>impru-</strong></span> 
     </span>
     <span class='ocr_line' id='line_1_101' title="bbox 2135 5388 3679 5478; baseline -0.008 -15"><span class='ocrx_word' id='word_1_623' title='bbox 2135 5405 2366 5471; x_wconf 80' lang='lat' dir='ltr'><strong>dentia,</strong></span> <span class='ocrx_word' id='word_1_624' title='bbox 2414 5398 2581 5478; x_wconf 78' lang='lat' dir='ltr'><strong>quasi</strong></span> <span class='ocrx_word' id='word_1_625' title='bbox 2620 5398 2818 5463; x_wconf 71' lang='lat' dir='ltr'><strong>baculo</strong></span> <span class='ocrx_word' id='word_1_626' title='bbox 2861 5396 3091 5458; x_wconf 75' lang='lat' dir='ltr'><strong>utaris:</strong></span> <span class='ocrx_word' id='word_1_627' title='bbox 3132 5391 3292 5453; x_wconf 82' lang='lat' dir='ltr'><strong>Hinc</strong></span> <span class='ocrx_word' id='word_1_628' title='bbox 3338 5397 3461 5460; x_wconf 84' lang='lat' dir='ltr'><strong>est,</strong></span> <span class='ocrx_word' id='word_1_629' title='bbox 3513 5388 3679 5470; x_wconf 85' lang='lat' dir='ltr'><strong>quod</strong></span> 
     </span>
     <span class='ocr_line' id='line_1_102' title="bbox 2127 5483 3678 5569; baseline -0.01 -8"><span class='ocrx_word' id='word_1_630' title='bbox 2127 5500 2245 5560; x_wconf 82' lang='lat' dir='ltr'><strong>Nos</strong></span> <span class='ocrx_word' id='word_1_631' title='bbox 2286 5492 2557 5558; x_wconf 86' lang='lat' dir='ltr'><strong>adductis</strong></span> <span class='ocrx_word' id='word_1_632' title='bbox 2592 5491 2654 5551; x_wconf 89' lang='lat' dir='ltr'><strong>in</strong></span> <span class='ocrx_word' id='word_1_633' title='bbox 2689 5497 3013 5569; x_wconf 82' lang='lat' dir='ltr'><strong>utramque</strong></span> <span class='ocrx_word' id='word_1_634' title='bbox 3045 5496 3275 5567; x_wconf 84' lang='lat' dir='ltr'><strong>partem</strong></span> <span class='ocrx_word' id='word_1_635' title='bbox 3307 5483 3678 5567; x_wconf 76' lang='lat' dir='ltr'><strong>argumentis</strong></span> 
     </span>
    </p>

    <p class='ocr_par' dir='ltr' id='par_1_15' title="bbox 3284 5596 3348 5647">
     <span class='ocr_line' id='line_1_103' title="bbox 3284 5596 3348 5647; baseline -0.016 0"><span class='ocrx_word' id='word_1_636' title='bbox 3284 5596 3348 5647; x_wconf 75' lang='lat' dir='ltr'><strong>st</strong></span> 
     </span>
    </p>
   </div>
  </div>
 </body>
</html>
