4487 6316
472 4108 665 4153 Medium
690 4119 764 4147 ex-

473 4146 639 4225 plicatio
663 4163 762 4211 reii-

472 4227 579 4269 titur
590 4236 641 4267 tx
657 4223 741 4264 Ate
751 4238 762 4247 ·

469 5416 513 5456 tn
543 5426 593 5455 ιο
611 5406 757 5453 Offer-

466 5472 573 5514 turio
585 5468 763 5511 Ecclesia

465 5542 615 5587 poenas
649 5528 762 5569 Pur-

965 505 1038 563 ot

787 671 990 732 preces
1022 673 1134 735 pro
1161 651 1284 717 illis
1312 654 1608 719 Hebraeis
1631 700 1649 729 ,
1683 657 1790 738 qui
1818 653 2048 737 ‘praelio
2080 656 2341 719 'interfe-

774 750 863 834 xcti
879 797 895 823 ,
925 748 1280 831 deprehensi
1305 759 1448 813 sunt
1475 752 1591 813 sub
1614 752 1816 814 tunica
1837 753 2138 833 quaedam
2156 752 2345 815 habe-

790 865 858 908 re
886 845 1138 908 donaria
1156 891 1175 919 ,
1220 862 1379 926 quae
1413 845 1599 908 Idolis
1634 846 1837 908 oblata
1869 845 2098 908 fuerint
2124 892 2141 920 ,
2177 846 2343 927 quod

788 937 1009 1002 lethale
1034 949 1343 1021 peccatum
1370 949 1538 1013 erat,
1575 949 1642 1003 ut
1674 942 1935 1004 habetur
1966 943 2342 1004 Deuterono-

786 1033 894 1094 mii
924 1054 1053 1114 cap.
1087 1039 1147 1095 7.
1181 1033 1275 1097 Nc
1296 1036 1508 1114 inferas
1529 1037 1825 1116 quippiam
1850 1055 1926 1096 cx
1952 1034 2126 1096 Idolis
2149 1038 2214 1095 in
2241 1037 2337 1095 do-

788 1123 943 1198 murn
975 1141 1133 1191 luam
1158 1177 1174 1200 ‚
1216 1151 1286 1191 ue
1313 1131 1419 1211 fias
1455 1132 1756 1192 anathema
1780 1153 1803 1199 ,·
1838 1131 1901 1193 id
1942 1139 2143 1192 tamen
2180 1130 2337 1192 nihil

787 1217 1016 1287 obstat:
1048 1227 1131 1304 D.
1154 1225 1320 1287 enim
1345 1224 1605 1289 Thomas
1628 1225 1692 1288 in
1721 1230 1779 1287 t.
1808 1234 2019 1288 sentet.
2045 1245 2107 1307 q.
2133 1231 2192 1287 2.
2219 1234 2339 1287 art.

784 1324 853 1379 ,2.
889 1340 951 1402 q.
987 1325 1047 1380 2.
1078 1320 1155 1383 ad
1174 1322 1428 1400 primum
1448 1320 1785 1401 respondet,
1809 1340 1883 1383 ea
1903 1321 2155 1382 donaria
2181 1320 2347 1401 apud

789 1435 893 1478 eos
924 1417 1171 1478 in'venta
1198 1437 1329 1478 esse
1353 1463 1371 1491 ‚
1408 1416 1515 1498 qui
1544 1437 1665 1478 non
1700 1415 1850 1478 salsa
1885 1415 2175 1499 religione
2203 1436 2347 1498 per-

792 1512 965 1585 moti,
987 1513 1089 1574 sed
1121 1512 1376 1579 victores
1400 1513 1540 1594 jure
1574 1512 1718 1574 belli
1747 1521 2038 1593 tanquam
2061 1510 2348 1593 praedam

795 1608 835 1671 a
864 1607 1037 1670 victis
1065 1607 1443 1669 abstulerant
1470 1628 1485 1667 z
1522 1626 1644 1688 qua
1673 1607 1737 1672 in
1773 1627 1840 1668 re
1871 1627 2010 1668 cum
2044 1606 2347 1668 venialem

797 1711 1035 1767 tantum
1061 1701 1353 1766 avaritiae
1383 1701 1622 1783 culp'am
1659 1701 1721 1766 in
1756 1721 1819 1768 se
1846 1700 2199 1763 admiserint
2225 1746 2241 1773 ,
2281 1699 2353 1760 li-

788 1797 980 1880 cuisse
1004 1816 1116 1877 pro
1141 1796 1217 1858 iis
1251 1796 1506 1858 mortuis
1538 1797 1733 1857 Deum
1761 1814 1939 1857 orare
1964 1840 1987 1868 ‚.
2019 1814 2129 1856 nec
2161 1793 2347 1855 exin-

793 1890 869 1953 de
902 1898 1217 1971 propterea
1236 1888 1448 1952 inferri
1479 1902 1668 1969 posse,
1693 1887 2019 1950 Ecclesiam
2041 1908 2218 1949 orare
2240 1905 2352 1968 pro

796 1985 892 2058 iis,
912 1983 1020 2067 qui
1049 1984 1113 2045 in
1138 1983 1482 2046 Inserorum
1504 1990 1861 2064 perpetuum
1885 1999 2187 2046 carcerem
2209 1988 2353 2042 sunt

793 2079 1043 2148 detrusi.
1348 2083 1355 2092 “
1513 2067 1534 2130 s

916 2178 974 2235 t.
1010 2173 1275 2249 Quidam
1312 2172 1721 2245 considerant,
1766 2190 1898 2233 eam
1943 2170 2355 2251 Antiphonam

795 2257 914 2352 legi
943 2269 1353 2343 consuevisse,
1403 2255 1541 2330 cum
1575 2274 1854 2348 aegrotus
1902 2265 2125 2347 aliquis
2172 2265 2236 2325 in
2282 2284 2354 2325 eo

794 2373 977 2439 esset,
1000 2371 1070 2425 ut
1087 2365 1217 2446 jam
1236 2365 1366 2445 jam
1395 2363 1693 2424 emitteret
1719 2361 2008 2433 animam;
2040 2380 2109 2421 ac
2137 2365 2354 2440 putant

730 2510 751 2518 -
793 2460 1009 2528 deinde
1033 2457 1359 2544 Ecclesiam
1387 2458 1452 2522 in
1486 2456 1685 2519 Missis
1731 2465 1792 2518 et
1837 2455 2154 2517 funeribus
2188 2474 2351 2516 mor-

795 2564 1039 2616 tuorum
1064 2573 1209 2616 eam·
1246 2541 1536 2615 adhibefe
1569 2551 1858 2632 coepisse,
1892 2549 2353 2612 retrotrahendo

700 2662 734 2703 ni
793 2667 996 2728 preces
1021 2646 1098 2709 ad
1125 2653 1419 2728 punctum
1444 2644 1596 2705 illud
1627 2644 1931 2724 temporis,
1964 2662 2086 2724 quo
2112 2643 2352 2704 animae

792 2761 827 2802 e
851 2740 1205 2821 corporibus
1230 2747 1373 2801 sunt
1391 2757 1682 2820 egressam
1708 2737 1915 2799 eodem
1943 2737 2123 2817 plane
2147 2736 2349 2810 modo,

677 2834 753 2933 ’.ᾗ
793 2855 917 2916 quo
943 2835 1251 2897 Adventus
1294 2842 1562 2913 tempore
1589 2831 1710 2893 illis
1740 2831 1934 2893 utitur
1962 2831 2194 2894 verbis:
2231 2832 2352 2892 Ro.

792 2942 917 2992 ναῖε
949 2929 1112 2992 Caeli
1140 2930 1402 3009 desuper,
1450 2938 1501 2988 ct
1531 2929 1699 2987 nubes
1738 2930 1946 3007 pluant
1975 2925 2207 2986 lustum
2242 2936 2346 2986 etc.

784 3022 855 3085 ’θ
880 3024 1111 3084 Adonai
1146 3024 1274 3082 veni
1316 3022 1392 3082 ad
1432 3021 1819 3081 redimendum
1861 3040 1978 3079 uos.
2010 3019 2228 3080 Emitte
2266 3018 2353 3078 A·

791 3139 971 3199 ynum
990 3116 1232 3177 'Domine
1262 3115 1682 3177 Dominatorcm
1713 3125 1911 3176 terrac.
1948 3111 2184 3176 Orietur
2205 3116 2354 3175 sicut

793 3216 879 3275 sol
908 3213 1179 3274 Salvator
1200 3211 1451 3282 Mundi,
1485 3222 1534 3271 ct
1560 3208 1839 3291 descendet
1868 3212 1931 3269 in
1958 3220 2183 3269 uterum
2221 3209 2352 3270 Vir-

1728 514 1815 565 Dr:
1852 511 2338 574 sacnosANCTt)
2376 512 2591 565 MISSAE
2629 512 3008 567 smmi-'telo

2448 664 2569 729 est,
2607 656 2780 738 quod
2814 655 3005 718 multa
3044 654 3198 718 scitu
3233 655 3418 738 digna
3442 653 3765 718 contiueat.
3798 655 3914 718 Sed
3943 663 4010 717 ut
4048 672 4200 772 fan-orzi
4220 673 4337 716 ima-

2447 751 2681 832 aliquid
2714 757 3076 825 statuamus,
3121 750 3442 836 dicendum
3477 749 3749 824 videtur,
3785 750 4009 816 ‚Eccle-
4070 739 4156 788 ¹8⁸¹·

2450 846 2603 908 siam
2624 866 2696 908 ea
2718 846 3068 927 Antiphone
3095 865 3200 908 seu
3224 845 3548 908 Offertorio
3577 845 3639 905 in
3666 845 3866 907 Missis
3891 847 4010 907 De-

2450 939 2796 1003 functorum
2844 940 3182 1022 Purgatorii
3239 960 3460 1021 poenas
3515 939 3854 1023 intelligere
3881 940 3928 1019 3}
3950 947 4011 1001 et

2452 1034 2877 1118 Purgatorium
2920 1034 3056 1097 ideo
3103 1034 3420 1096 Infernum
3462 1034 3802 1115 appellare,
3848 1033 4012 1115 quod

2451 1128 2612 1191 idem
2659 1129 2985 1211 utrobique
3022 1128 3102 1191 sit
3145 1129 3334 1212 ignis:
3365 1149 3541 1192 orare
3568 1137 3637 1190 ut
3665 1128 3904 1191 animae
3934 1128 4012 1190 li-

2452 1223 2742 1285 berentur
2769 1227 2834 1286 de
2859 1226 3143 1305 profundo
3174 1226 3332 1295 lacu,
3366 1235 3416 1286 ot
3448 1226 3513 1284 dc
3538 1245 3636 1285 ore
3662 1226 3831 1284 lconis
3852 1273 3865 1291 .
3900 1224 4016 1286 hoc

2453 1326 2543 1380 est
2578 1318 2653 1380 de
2688 1339 2925 1381 carcere
2960 1318 3068 1380 illo
3097 1320 3519 1400 subterraneo,
3563 1319 3671 1379 ubi
3703 1320 4015 1383 Justornm

2453 1412 2694 1475 animae
2731 1413 3088 1494 expiantur:
3131 1413 3392 1493 deniqne
3433 1412 3757 1474 Ecclesiam
3804 1433 3841 1474 a
3890 1416 4015 1476 Deo

2453 1515 2656 1588 petere
2695 1528 2764 1569 nc
2803 1511 3090 1571 absorbeat
3130 1530 3221 1570 cas
3266 1521 3555 1579 tat-lacus,
3602 1530 3667 1569 ne
3709 1510 3906 1570 cadent
3951 1513 4015 1570 in

2454 1603 2750 1664 obscurum
2767 1649 2784 1673 ,
2813 1604 2966 1667 idest
3007 1625 3081 1665 ne
3107 1604 3187 1665 in
3233 1603 3339 1665 illo
3375 1604 3743 1665 tenebricoso
3776 1624 4017 1667 carcere

2456 1705 2544 1759 tot
2564 1699 2929 1761 cruciatibus
2953 1698 3323 1764 conflictatae
3351 1691 3580 1760 diutius
3608 1700 4012 1774 detineantur3

2457 1801 2640 1873 atque
2674 1794 2756 1856 ita
2796 1794 3130 1857 orationem
3174 1794 3344 1868 illam
3394 1793 3845 1874 intelligendam
3882 1804 4014 1874 post

2458 1887 2743 1950 Azorium
2765 1891 3044 1970 probant
3070 1889 3351 1951 Valentia
3396 1897 3540 1950 tom.
3587 1896 3643 1951 3.
3680 1889 3901 1969 disput.
3951 1896 4009 1952 6.

2457 1989 2573 2043 art.
2609 1987 2668 2042 2.
2700 1990 2904 2064 punct.
2942 1990 2999 2045 8.
3037 1983 3374 2046 Cardinalis
3406 1983 3831 2064 Capisuechius
3870 2004 4014 2045 con-

2461 2081 2711 2137 trovers.
2771 2083 2829 2138 5.
2884 2077 3097 2139 Thiers
3149 2086 3290 2139 tom.
3348 2082 3402 2137 1.
3459 2076 3533 2138 de
3581 2076 4017 2157 Superstitione

2460 2188 2592 2251 cap.
2628 2177 2722 2232 10.
2755 2190 2817 2232 ιι.
2847 2178 2941 2232 15.
2974 2181 3033 2234 et
3062 2192 3187 2253 seq.
3224 2173 3328 2233 ubi
3361 2173 3572 2234 ceteris
3598 2172 3882 2234 omnibus
3909 2192 4017 2233 ex-

2460 2263 2645 2344 plosis
2671 2265 3267 2347 interpretationibus
3296 2275 3657 2346 postremam
3699 2267 4017 2328 hanc-am-

2460 2358 2770 2438 plectitur:
2804 2380 3000 2442 neque
3037 2361 3202 2423 enim
3241 2382 3312 2423 ea
3344 2362 3530 2423 verba
3561 2362 3636 2422 de
3672 2361 4015 2447 Inferorum

2457 2445 2667 2533 poenis
2697 2465 2940 2536 possunt
2969 2456 3223 2538 intelligi
3253 2456 3401 2518 Fide
3431 2455 3758 2518 Catholica.

2578 2552 2636 2608 7.
2663 2549 2876 2612 Petrus
2897 2550 3340 2630 Praepositivus
3356 2549 3695 2632 Theologus
3714 2549 4014 2611 Parisien-
4053 2567 4169 2612 rari
4217 2571 4347 2615 rm·

2457 2640 2571 2715 sis,
2596 2644 2702 2723 qui
2732 2645 2938 2706 floruit
2961 2664 3124 2708 anno
3155 2650 3328 2715 1225.
3361 2645 3671 2706 Summam
3693 2643 4011 2727 Theologi-
4055 2626 4217 2683 P⁰⁸⁸¹⁵⁶
4279 2645 4348 2672 ⁶⁸·

2458 2754 2591 2796 cam
2631 2737 2896 2819 scripsit,
2936 2759 3095 2818 quae
3137 2758 3312 2820 saepe
3353 2738 3535 2800 citata
3576 2757 3612 2800 a
3663 2740 3735 2800 D.
3783 2739 4015 2801 Thema
4053 2682 4350 2784 fimat:-

2459 2828 2657 2892 adhuc
2693 2830 2918 2895 inedita
2958 2832 3022 2892 in
3058 2832 3444 2894 Bibliotheca
3485 2831 3795 2894 daumii.
3835 2833 4016 2895 nooet
4055 2797 4348 2899 323⁸*

2459 2921 2890 3005 igitur-Auctor
2921 2926 3056 3001 ille,
3086 2928 3510 2992 damnatorum
3527 2927 3770 2989 'animas
3795 2928 4014 2989 suffra-

2460 3018 2575 3098 giis
2595 3021 2832 3101 juvari,
2862 3030 2931 3083 ut
2960 3023 3040 3086 ab
3079 3023 3244 3084 omni
3283 3042 3496 3103 poena¹
3518 3021 3818 3083 immunes
3857 3021 4014 3095 sint,

2461 3130 2584 3174 non
2624 3115 2870 3195 quidem
2919 3116 2981 3176 in
3031 3135 3210 3196 ogune
3248 3135 3466 3179 aevum
3494 3161 3524 3189 ,⁷
3556 3115 3659 3178 sed
3698 3134 3892 3196 usque
3938 3115 4015 3179 ad

2460 3206 2801 3271 universale
2830 3210 2904 3273 de
2943 3211 3212 3285 humano
3252 3230 3471 3293 genere
3495 3210 3827 3293 judicium:
3862 3229 4020 3290 quae

795 3310 980 3389 qiam
997 3306 1123 3369 Etsi
1157 3306 1318 3368 enim
1349 3304 1539 3367 multa
1577 3303 1940 3385 praeteriere
1973 3302 2208 3366 saecula
2227 3349 2246 3377 ‚
2275 3324 2353 3364 ex
2460 3302 2755 3365 sententia
2775 3324 2852 3364 ex
2873 3303 3254 3385 Origenianis
3275 3304 3539 3384 profecta
3565 3295 3874 3365 erroribus
3899 3303 4014 3367 im-

799 3402 1207 3484 qroerbum
1221 3401 1496 3463 divinum
1522 3419 1765 3461 carnem
1792 3398 2131 3479 assumpsit,
2149 3398 2353 3460 Eccle-
2404 3384 2410 3499 ι
2461 3397 2753 3474 probatur
2784 3418 2823 3460 a
2858 3399 2928 3459 D.
2964 3398 3192 3461 Thoma
3224 3399 3287 3459 in
3317 3403 3376 3460 4.
3425 3408 3677 3460 sentent.
3724 3398 3861 3458 dist.
3910 3402 4009 3459 45.

797 3497 889 3559 sia
916 3505 1115 3559 tamen
1143 3495 1397 3558 retrahit
1423 3494 1714 3576 ejusmodi
1745 3513 1944 3573 preces
1976 3493 2053 3554 ad
2085 3500 2355 3572 tempora
2462 3506 2524 3568 q.
2577 3495 2637 3550 2.
2688 3500 2803 3552 art.
2859 3497 2919 3554 2.
2954 3493 3075 3572 qui,
3107 3501 3285 3575 negat
3325 3494 3746 3554 damnatorum
3790 3490 4025 3554 animas

800 3590 1238 3671 Prophetarum
1271 3588 1494 3652 Christi
1526 3587 2007 3651 lncarnationem
2038 3587 2163 3650 acri
2196 3587 2354 3648 desi·
2461 3582 2796 3663 quidquam
2817 3585 3012 3648 solatii
3040 3590 3252 3666 capere
3276 3607 3352 3648 ex
3372 3585 3590 3646 nostris
3611 3584 4008 3646 orationibus.

797 3686 965 3747 derio
986 3685 1450 3766 expectantium.
1478 3683 1635 3745 Vide
1650 3683 1978 3746 Grancolas
2000 3682 2063 3741 in
2086 3681 2354 3762 Antiquo
2463 3676 2618 3738 Vide
2647 3696 2982 3742 sermonem
3010 3685 3064 3741 1.
3100 3681 3343 3742 secundi
3370 3679 3675 3742 Tricesimi
3711 3672 4017 3741 Benedicti

797 3780 1235 3859 Sacramentar.
1280 3779 1579 3842 Ecclesiae
1612 3798 1743 3860 par.
1799 3783 1852 3839 1.
1904 3778 1979 3839 de
2009 3777 2207 3838 Missis
2238 3777 2357 3837 De-

801 3872 1146 3949 functoru'm
1189 3892 1325 3955 pag.
1376 3878 1513 3934 536.
1561 3890 1744 3952 quem
1785 3871 2059 3954 sequitur
2090 3871 2359 3932 Meratus

798 3987 932 4050 par.
977 3973 1031 4029 1.
1075 3976 1217 4029 tom.
1255 3972 1310 4028 1.
1345 3986 1480 4048 pag.
1519 3972 1656 4027 226.

880 4064 883 4069 ’
924 4070 981 4126 5.
1018 4062 1140 4125 Alii
1168 4081 1312 4124 vero
1338 4061 1515 4123 aliter
1539 4060 1698 4123 hanc
1722 4060 2011 4122 evolvunt
2039 4057 2359 4121 difficulta-

807 4168 922 4221 tem
940 4206 956 4233 ‚
982 4179 1052 4221 ac
1077 4156 1220 4220 satis
1247 4155 1500 4217 fidenter
1523 4155 1731 4217 dicunt
1758 4154 1923 4216 haud
1953 4154 2035 4215 ita
2058 4152 2360 4215 subtiliter

804 4253 1103 4317 Ecclesiae
1131 4251 1448 4313 Orationes
1492 4249 1954 4320 examinandam
2001 4247 2073 4308 in.
2107 4247 2360 4327 quibus-

808 4349 949 4412 dam
977 4348 1140 4410 enim
1170 4367 1246 4407 ex
1276 4346 1351 4407 iis
1393 4344 1585 4405 multa
1618 4342 1910 4405 contineri
1948 4341 2149 4402 minus
2180 4359 2358 4414 vera,

807 4443 910 4507 sed
965 4461 1122 4523 quae
1173 4440 1392 4502 idcirco
1438 4437 1769 4500 tolerantur
1794 4482 1811 4510 ,
1866 4437 2030 4517 quod
2079 4435 2362 4516 pietatem

809 4537 1082 4601 nutriant
1108 4534 1427 4596 Fidelium.
1464 4535 1661 4614 Atque
1686 4551 1757 4593 ea
1784 4539 1874 4592 est
1902 4530 2208 4611 responsio
2231 4530 2361 4592 Me-

808 4631 986 4693 dinae
1012 4630 1086 4691 de
1107 4628 1395 4693 Oratione
1416 4648 1478 4709 q.
1507 4633 1564 4688 6.
1593 4646 1749 4707 quae
1776 4633 1975 4686 tamen
2002 4624 2253 4686 omnino
2274 4632 2363 4686 est

810 4724 1166 4807 rejicienda:
1200 4712 1313 4783 'Sed
1346 4735 1487 4784 certe
1519 4743 1633 4782 non
1674 4731 1749 4782 cst
1781 4721 1928 4800 quod
1968 4721 2218 4784 dicamus
2245 4719 2362 4779 ali-

807 4818 945 4899 quid
968 4820 1031 4877 in
1053 4815 1308 4876 Ecclesia
1339 4818 1430 4896 pic
1454 4818 1635 4876 solum
1664 4825 1714 4874 ct
1736 4834 1850 4874 non
1874 4833 1996 4873 vore
2026 4813 2163 4880 dica}
2187 4832 2361 4891 neque

805 4916 956 4975 enim
985 4902 1242 4971 Ecclesia
1278 4910 1413 4988 falsi
1450 4910 1673 4989 aliquid
1708 4929 1813 4990 per
1852 4927 2096 4968 errorem
2136 4908 2360 4987 decepta

803 5000 1024 5091 publice
1051 5005 1341 5075 decantat,
1379 5015 1482 5065 aut
1512 5006 1709 5065 tradit.
1739 5002 1943 5064 Absint
1971 5004 2103 5065 haec
2145 5003 2217 5062 ab
2260 5022 2356 5074 ca,

806 5121 979 5182 quam
1015 5098 1313 5179 Apostolus
1354 5100 1603 5179 appellat
1654 5096 2023 5167 Columnam,
2069 5107 2120 5157 ct
2158 5096 2358 5178 firma·-

804 5206 1053 5257 mcutum
1098 5194 1352 5254 veritatis
1372 5216 1395 5263 ,·
1414 5186 1421 5191 x
1442 5194 1627 5255 verba
1675 5200 1818 5254 sunt
1859 5190 2058 5253 Azorii
2104 5198 2246 5252 tom.
2298 5196 2352 5252 1.

804 5288 1007 5355 Instit.
1032 5286 1248 5350 Moral.
1284 5287 1391 5349 lib.
1429 5292 1522 5349 10.
1558 5306 1687 5367 cap.
1723 5290 1821 5347 22.
1859 5305 1921 5367 q.
1957 5292 2014 5347 8.
2253 5334 2284 5365 a

924 5390 981 5445 6.
1021 5383 1185 5443 luter
1226 5381 1522 5464 Epistulas
1553 5381 1810 5445 Sarnelli
1856 5387 1946 5443 est
1986 5385 2083 5441 62.
2134 5378 2243 5439 lib.
2295 5384 2352 5440 3.

805 5498 963 5565 quae
996 5484 1120 5541 tota
1149 5477 1225 5541 de
1256 5477 1370 5541 hoc
1411 5485 1786 5563 argumento·
1811 5474 2061 5538 omnino
2104 5472 2359 5556 legenda

2462 3771 2636 3833 XIII.
2670 3774 2930 3848 Quidam
2958 3775 3294 3857 Theologus
3315 3774 3561 3836 Ordinis
3588 3774 3914 3839 servorum
3942 3774 4013 3833 B.

2465 3865 2694 3929 Mariae
2738 3868 3041 3929 Bononiae
3081 3888 3241 3930 anno
3286 3873 3457 3928 1570.
3505 3886 3763 3947 parvum
3804 3887 4018 3948 qnem-

2469 3958 2608 4021 dam
2650 3963 2995 4025 Tractatum
3033 3963 3221 4025 edidit
3264 3963 3339 4045 de
3384 3970 3542 4024 statu
3587 3962 3827 4024 animae
3878 3982 4033 4025 cum.

2466 4055 2712 4117 mritate
2753 4050 3089 4119 decedentis
3114 4104 3130 4131 ,
3179 4056 3458 4137 >illudque
3510 4057 3900 4119 Offertorinm
3952 4055 4014 4116 in

2467 4148 2651 4211 Missa
2673 4150 3103 4213 Defunctorum
3129 4134 3621 4232 explicat,'atque
3643 4151 3706 4212 in
3733 4166 3805 4212 eo
3830 4151 4021 4212 abun-

2467 4242 2543 4305 de
2575 4245 2793 4333 probat
2819 4265 2891 4307 ea
2919 4247 3104 4309 verba
3133 4248 3208 4309 de
3234 4240 3591 4329 Purgatorio
3628 4265 3755 4311 esse
3794 4242 4018 4307 intelli·

2467 4338 2686 4419 genda.
2904 4366 2909 4377 ·
3183 4336 3188 4339 ’
3684 4332 3691 4357 ²

3011 4490 3022 4499 .
3060 4434 3309 4497 CAPUT
3343 4435 3424 4496 X.

2564 4617 2649 4680 Dc
2675 4623 2921 4703 quiaque
2953 4620 3320 4684 Orationibus
3338 4669 3354 4691 ‚
3385 4640 3527 4700 quae
3563 4588 3930 4702 offertorium

3018 4727 3462 4795 comequuneur.
3847 4754 3852 4759 ·
3957 4740 3964 4746 ·

2472 4908 2528 4964 1.
2581 4855 2759 4969 Post
2778 4905 3184 4986 Antiphonam
3213 4904 3382 4966 illam
3398 4948 3414 4975 ,
3439 4922 3597 4984 quae
3626 4901 4017 4965 Ofl'ertorium

2467 5000 2687 5063 dicitur
2713 5048 2730 5075 ,
2773 5002 3044 5082 quinque
3082 4999 3399 5061 Orationes
3440 5006 3820 5078 sequuntur;
3863 5017 4019 5079 qua-

2466 5115 2602 5156 rum
2626 5096 2821 5176 prima
2850 5086 3100 5174 incipit,
3123 5092 3353 5173 Suscipc
3376 5091 3584 5153 Sancte
3608 5091 3806 5163 Pater,
3830 5091 4021 5157 altera

2471 5187 2772 5272 offerimus
2806 5192 2909 5250 tibi
2938 5189 3172 5248 Domine
3190 5236 3206 5259 ,
3241 5188 3415 5249 tertia
3443 5187 3516 5248 In
3542 5190 3753 5268 spiritu
3781 5189 4019 5247 humili-

2467 5286 2631 5353 tatis,
2664 5290 2882 5363 quarta
2920 5282 3056 5341 Veni
3087 5280 3522 5363 Sanctificator,
3571 5290 3869 5362 postrema
3896 5280 4018 5342 Su-

2461 5378 2606 5456 scipc
2637 5375 2856 5436 Sancta
2881 5375 3132 5436 Trinitas
3150 5422 3167 5446 ,
3196 5375 3272 5436 de
3296 5374 3519 5456 quibus
3547 5375 3632 5437 ita
3657 5373 3868 5437 scribit·
3884 5372 4016 5437 Bel·

2461 5467 3164 5555 larminus‘Controvers.
3188 5476 3330 5531 tom.
3353 5474 3417 5532 3.
3449 5468 3558 5533 lib.
3587 5474 3646 5532 6.
3681 5467 3757 5532 de
3772 5465 4015 5532 Sacrifi-
