4487 6316
980 447 1084 498 802

1758 457 1848 510 SS.
1888 459 1949 511 D.
1986 458 2052 510 Π.
2084 458 2453 512 -nmsole‘rl
2490 460 2620 514 xlv.
2660 458 3015 513 Pnessrsrto

804 589 1082 674 idemque
1106 596 1527 674 praestiterant·
1552 607 1669 662 tres
1686 602 1909 681 pariter
1936 601 2334 663 Bononienses
2380 604 2390 708 Ι
2441 602 2686 676 berrimi
2707 648 2724 676 ,
2772 610 2958 683 atque·
2998 600 3308 681 discipuli,
3360 599 3515 662 hane
3545 598 3612 672 in
3653 595 3972 662 Civitatem

802 684 974 748 Cives
1007 689 1358 752 Eustachius
1390 694 1723 756 Locatellus
1756 697 1924 778 Regii
1961 696 2286 776 Episcopus
2310 741 2328 769 ,

798 787 859 840 et
900 780 1021 843 duo
1047 783 1391 848 Cardinales
1409 831 1426 860 ,
1453 787 1696 850 Gabriel
1737 790 2068 872 Paleottus‚
2098 798 2158 851 et
2185 790 2329 860 Phi-

799 872 1000 956 lippus
1025 877 1546 962 Boncompagnus‚
1584 892 1652 946 ut
1678 884 1869 946 videri
1898 884 2115 966 poterit
2145 884 2215 944 in
2235 883 2331 945 di-

799 975 895 1032 cta
925 971 1294 1060 praefatione
1315 996 1458 1058 pag.
1498 982 1589 1038 10.

917 1069 974 1124 9.
1004 1066 1169 1127 Nihil
1190 1070 1469 1148 equidem
1498 1071 1760 1152 arbitror
1785 1072 2126 1135 ati-laudem
2149 1071 2331 1154 hujus

801 1156 980 1220 Urbis
1011 1164 1459 1241 praestabilius,
1498 1166 1772 1248 nihilque
1800 1168 1875 1229 ad
1900 1166 2157 1249 gloriam
2185 1166 2329 1227 illu-

796 1252 979 1314 strius
1005 1254 1296 1330 inveniri,
1326 1278 1508 1339 quam
1542 1261 1591 1322 si
1628 1261 1779 1322 illud
1812 1249 1969 1322 serio
1994 1261 2333 1323 considere-

799 1354 900 1408 tur
917 1392 935 1420 ,
962 1350 1126 1429 quod
1164 1360 1296 1431 post
1323 1353 1595 1416 Gratiani
1639 1364 1892 1418 aetatem
1915 1401 1931 1428 ,
1961 1376 2097 1417 cum
2126 1354 2332 1436 plures

795 1440 1170 1507 collectiones
1211 1448 1610 1511 Decretalium
1647 1450 2030 1511 Summorum
2074 1448 2328 1510 Pontifi-

796 1554 935 1604 cum
960 1537 1260 1618 confectae
1287 1539 1543 1615 fuerint,
1573 1562 1730 1623 quae
1752 1545 1958 1624 jussu.
1986 1552 2047 1608 et
2067 1542 2342 1605 auctori-¹

798 1636 921 1700 tate
942 1633 1285 1711 Apostolica
1307 1636 1383 1696 ad
1417 1656 1732 1712 commune
1763 1637 2141 1700 commodum
2167 1655 2356 1698 ema--

796 1734 1041 1798 narum,
1072 1746 1278 1789 omnes
1307 1730 1385 1798 ad-
1414 1731 1748 1813 Magistros,
1778 1740 1840 1793 et
1863 1731 2198 1812 Discipulos
2218 1731 2339 1790 Bo·-

794 1807 1101 1881 noniensis
1119 1821 1601 1905 Archigymnasii
1626 1826 1882 1887 directae
1909 1825 2173 1887 fuerunt.
2195 1826 2332 1886 Non

798 1920 997 1974 autem
1018 1913 1242 1996 loquor
1281 1918 1356 1980 de
1382 1919 1585 1998 prima..
1605 1920 2002 1982 Decretalium
2028 1918 2335 1982 collectio-

800 2023 877 2068 ne
902 2025 938 2067 a
959 2008 1264 2071 Bernardo
1287 2012 1505 2092 Papiae
1531 2012 1873 2094 Praeposito
1902 2012 2212 2085 adornata,
2237 2030 2340 2072 ne-

797 2117 919 2179 que
946 2101 1031 2163 de
1048 2102 1237 2167 altera
1262 2106 1518 2168 Gilberti
1536 2152 1553 2180 ‚
1595 2118 1655 2170 et
1677 2108 1854 2170 Alani
1885 2108 2083 2170 studio
2107 2104 2333 2185 compi-

799 2190 955 2266 lata,
988 2196 1133 2276 quia
1165 2209 1440 2262 neutram
1467 2221 1786 2281 possumus·
1809 2202 2116 2265 affirmare
2143 2201 2207 2260 in
2242 2198 2339 2260 lu-

798 2304 930 2348 cem
960 2293 1311 2356 auctoritate
1331 2296 1573 2375 publica
1598 2298 1910 2377 prodiisse:
1939 2297 2041 2358 sed
2068 2296 2143 2356 de
2166 2294 2342 2355 tertia

798 2397 995 2444 sermo
1015 2392 1124 2455 est.
1143 2406 1304 2467 quae
1329 2410 1364 2451 a
1385 2391 1671 2453 Pontifice
1691 2391 2037 2453 Innocentio
2068 2391 2179 2451 111.
2208 2388 2341 2450 uni-

800 2476 987 2539 versis
1014 2480 1501 2563 Praeceptoribus
1515 2530 1532 2558 ‚
1563 2486 1960 2566 studiosisque
1986 2484 2338 2548 Adolescen-

799 2568 964 2633 tibus
989 2573 1291 2644 Bononiae
1325 2581 1832 2642 commorantibus
1860 2580 2143 2659 inscripta
2166 2578 2290 2639 fnit
2320 2623 2338 2651 ,

801 2666 972 2746 cujus
1004 2668 1266 2745 profecto
1306 2673 1599 2751 quaedam
1641 2675 1825 2737 veluti
1870 2673 2169 2753 appendix
2210 2692 2338 2735 esse

801 2757 1041 2822 videtur
1065 2772 1281 2842 quarta
1305 2766 1385 2826 ab
1419 2768 1626 2828 eodem
1653 2767 1939 2831 Pontifi'ce
1965 2767 2295 2847 composita
2318 2812 2337 2841 ,

803 2862 1063 2937 utraque
1089 2877 1232 2920 vero
1254 2859 1322 2920 in
1350 2860 1543 2922 lucem
1568 2862 1727 2924 edita
1743 2862 2122 2936 „sslarissimo
2150 2864 2342 2923 Anto·

806 2947 912 3009 nio
932 2951 1287 3031 Augustino.
1311 2953 1518 3015 Sermo
1536 2953 1645 3015 hie·
1659 2945 1856 3017 noster
1876 2955 2057 3017 etiam
2079 2956 2156 3017 ad
2170 2954 2350 3035 quin-

808 3050 933 3105 tam
960 3045 1249 3123 pertinet,
1290 3058 1560 3126 quaeest
1590 3049 1843 3111 Honorii
1883 3052 1994 3112 111.
2021 3050 2105 3110 'in
2138 3047 2343 3130 'publi-

806 3154 946 3197 eum
970 3136 1183 3200 emissa
1211 3138 1291 3200 ab
1328 3140 1671 3204 Innocentio
1701 3142 1944 3206 Cironio
1969 3189 1986 3215 ‚
2018 3162 2199 3224 quem
2229 3141 2346 3203 ali-

807 3231 914 3310 qui
943 3232 1620 3319 promulgatamputant
1634 3239 1804 3319 jussu
1839 3238 2100 3319 ejusdem
2131 3237 2344 3298 Hono-

809 3321 888 3383 rii
926 3342 963 3385 a
1009 3326 1314 3387 Tancredo
1358 3327 1792 3391 Archidiacono
1813 3342 1821 3349 '
1841 3329 2227 3402 Bononiensi,
2280 3329 2342 3389 in

810 3434 933 3497 qua
953 3419 1245 3480 sententia
1264 3418 1689 3483 fuit-Antonius
1702 3425 2073 3507 Augustinus
2095 3424 2158 3484 in
2180 3444 2349 3505 prae-

811 3508 1036 3572 fatione
1060 3511 1138 3574 ad
1166 3513 1445 3593 antiquas
1466 3515 1822 3577 Decretales:
1857 3514 2124 3580 collectio
2155 3518 2353 3577 Hono-

809 3607 893 3665 rii
932 3604 1046 3666 111.
1095 3604 1525 3679 Constitutione's
1566 3610 1726 3670 habet
1769 3631 1809 3672 a
1847 3611 2129 3673 Tancredo
2159 3612 2352 3671 Bono-

813 3700 997 3760 niensi
1019 3701 1428 3763 Archidiacono
1452 3704 1704 3764 collectas
1732 3706 1834 3765 sub
1859 3708 2035 3786 ipsius
2059 3705 2352 3787 Pontifici}

814 3792 1076 3854 Maximi
1110 3797 1331 3855 nonnius
1352 3818 1375 3864 ,·
1418 3808 1602 3877 quam
1631 3799 1947 3881 Augustini
1991 3800 2351 3861 sententiam

812 3887 1087 3967 sequitur
1106 3889 1445 3952 Cardinalis
1467 3891 1732 3959 Pinellus
1770 3894 1835 3955 in
1865 3894 2235 3975 praefatione
2276 3893 2352 3954 ad

814 3984 875 4040 7.
906 3981 1014 4044 lib.
1046 3984 1466 4045 Decretalium:
1513 3975 1779 4046 Collectio
1815 3990 2038 4049 accessit
2064 3990 2134 4049 ab
2171 3990 2354 4047 eodem

820 4074 875 4136 T
866 4079 1102 4147 ancredo
1123 4099 1201 4138 ex
1228 4078 1476 4140 Honor-ii
1506 4080 1617 4141 ΙΙΙ.
1640 4128 1655 4151 ,
1685 4083 1786 4159 qui
1806 4084 2067 4163 proxim
2089 4082 2356 4142 Innocen-

818 4172 898 4231 tio
924 4174 1209 4251 successit,
1242 4171 1745 4235 Constitutionibus
1771 4179 2181 4256 compaqinata.
2215 4177 2361 4236 For-

821 4270 974 4326 tasse
1001 4283 1142 4326 vero
1166 4265 1540 4345 probabilius
1565 4275 1654 4329 est
1685 4269 1763 4345 ab
1791 4267 1958 4341 aliis,
1992 4287 2112 4329 non
2141 4289 2178 4331 a
2199 4271 2359 4330 Tan-

822 4359 999 4419 credo
1030 4357 1211 4421 fixisse
1247 4360 1633 4440 compositam
1662 4363 1837 4443 Juxta
1881 4363 2362 4424 observationem

817 4451 945 4532 jam
959 4452 1214 4543 ⁴„laudati
1249 4454 1580 4516 Innocentii
1616 4456 1841 4518 Cironii
1874 4457 1950 4518 ad
1976 4477 2105 4537 cap.
2149 4461 2202 4518 1.
2241 4457 2360 4518 hu-

820 4544 922 4624 jus
968 4545 1331 4609 collectionis
1373 4549 1465 4610 tit.
1508 4550 1582 4611 de
1635 4548 2141 4611 Constitutionibus
2161 4599 2177 4622 ,
2229 4559 2291 4612 et
2327 4571 2365 4613 a

832 4637 1118 4700 Pontifice
1147 4641 1386 4703 missam
1414 4642 1596 4704 fuisse
1618 4645 1945 4718 Tancredo,
1977 4645 2366 4725 quemadmo-

827 4728 974 4790 dum
998 4751 1075 4793 ex
1100 4735 1362 4815 ejusdem
1388 4737 1591 4798 verbis
1615 4737 1871 4800 eruitur:
1903 4738 2196 4799 Honorius
2219 4739 2366 4821 Epi-

827 4840 1019 4916 scopus
1047 4826 1254 4888 Servus
1285 4828 1589 4892 Sermonum
1628 4831 1736 4892 Dei
1760 4833 1958 4894 dilecto
1985 4831 2137 4894 Filio
2160 4832 2363 4913 Μαρί-

823 4926 939 4979 stro
969 4918 1247 4981 Tancredo
1270 4921 1680 4985 Archidiacono
1714 4925 2055 4986 Bononiensi
2079 4928 2319 4988 salutem
2345 4974 2362 4999 ‚

833 5020 887 5071 et
911 5011 1286 5093 Apostolicam
1313 5018 1766 5094 benedictionem-3
1792 5021 2248 5094 Transmissam,
2281 5021 2370 5082 in·-

837 5110 1052 5186 quam',
1094 5107 1171 5167 ad
1198 5108 1571 5170 Tancredum
1614 5110 1825 5185 fuisse,
1854 5111 2104 5181 eandem
2147 5123 2216 5175 ut
2242 5113 2369 5195 ipse

838 5196 901 5258 in
933 5198 1124 5260 lucem
1148 5199 1373 5273 ederet;
1400 5202 1561 5263 unde
1588 5204 1857 5286 contigit,
1887 5215 1957 5267 ut
1983 5206 2371 5268 totius-Orbis

840 5290 1186 5355 hominibus
1210 5295 1726 5383 commendaretur
1741 5342 1758 5371 ‚
1790 5318 1928 5359 cum
1956 5298 2371 5374 innumerabi-

841 5380 928 5443 les
966 5385 1090 5446 fere
1132 5406 1202 5449 ea
1245 5381 1586 5467 tempestate
1622 5389 1995 5452 Professores
2017 5391 2183 5471 iique
2220 5392 2374 5454 cele-

1826 5485 1854 5515 Ο

2439 697 2805 758 confluerent
2828 695 3149 775 utriusque
3158 693 3316 775 juris
3338 701 3447 754 aut
3472 695 3751 756 Doctores
3777 692 3968 754 futuri

2438 800 2545 852 aut
2568 792 2889 853 auditores.
2924 790 3066 851 Ideo
3091 790 3266 850 Pater
3292 787 3525 850 Echard
3565 787 3630 847 in
3666 799 3978 849 commem

2443 885 2609 946 tariis
2629 885 2858 965 primae
2879 885 3037 946 vitae
3051 884 3115 945 S.
3147 882 3444 944 Dominici
3461 890 3605 943 tow.
3638 887 3692 943 1.
3718 880 3793 942 de
3811 881 3972 942 Scri·-

2441 978 2712 1058 ptorihus
2750 977 3014 1060 ejusdem
3063 976 3308 1037 Ordinis
3346 994 3483 1056 pag.
3531 979 3629 1035 24.
3681 993 3803 1035 non
3842 973 3974 1036 sine

2440 1091 2616 1134 causa
2655 1072 2919 1152 scripsit,
2955 1070 3318 1153 Religiosum
3352 1067 3641 1132 Ordinem
3671 1068 3732 1129 S.
3764 1068 3972 1129 Domi-

2442 1164 2696 1227 uici-illo
2722 1174 2987 1246 tempore
3005 1163 3363 1226 Doctoribus
3389 1162 3840 1243 sapientissimis
3867 1163 3975 1223 Bo-

2443 1260 2666 1322 noniae
2684 1260 2984 1333 floruisse,
3014 1259 3119 1339 qui
3148 1258 3502 1339 posthabitis
3534 1256 3742 1318 mundi
3772 1255 3973 1316 illece-

2443 1352 2570 1415 bris
2604 1352 2920 1414 severioris
2959 1353 3116 1414 vitae
3159 1352 3450 1413 rationem
3478 1349 3540 1411 in
3579 1349 3639 1410 S.
3676 1347 3971 1410 Dominici

2445 1448 2804 1510 Monasterio
2836 1445 3274 1527 profitebantur
3290 1490 3307 1518 ‚
3360 1445 3521 1507 unde
3551 1443 3741 1518 veluti·
3764 1441 3975 1503 e‘Tro·

2437 1544 2582 1624 Jano
2606 1561 2762 1622 equo
2788 1541 3004 1623 egressi
3043 1539 3437 1601 strenuissimi
3483 1537 3703 1600 milites
3738 1534 3976 1615 praedi-

2443 1643 2601 1696 ctum
2634 1634 2927 1696 erdinem-
2948 1653 3055 1714 per
3079 1633 3430 1706 universum
3459 1631 3685 1694 Orbem
3712 1628 3977 1714 felicissi-

2447 1749 2541 1789 me
2561 1736 2986 1810 propagarunt.
3010 1726 3315 1789 Honorius
3337 1727 3445 1787 III.
3466 1725 3847 1806 Magistratus
3869 1723 3980 1784 hn-

2438 1824 2540 1905 jus
2567 1822 2838 1884 Civitatis
2864 1841 3155 1902 arguens,
3197 1819 3360 1900 quod
3393 1813 3686 1904 quaedam
3728 1815 3976 1897 privile-

2447 1917 2545 1999 gia
2579 1916 3019 1977 Professoribus
3044 1924 3104 1976 et
3145 1913 3456 1993 discipulis
3481 1913 3839 1974 ademissent
3862 1955 3879 1983 ‚
3917 1910 3984 1971 id

2449 2013 2642 2093 ipsum
2670 2011 2939 2091 scripsit,
2973 2018 3041 2071 ut
3067 2010 3274 2070 videre
3312 2008 3449 2070 licet
3475 2008 3537 2067 in
3577 2009 3708 2088 eJus
3731 2003 3983 2086 epistola

2449 2106 2609 2186 apud
2637 2105 3017 2187 Raynaldum
3036 2123 3197 2166 anno
3224 2103 3445 2166 Christi
3480 2107 3652 2162 1220.
3685 2119 3854 2161 num.
3877 2104 3977 2159 2⁶.

2453 2200 2600 2262 Cum
2628 2220 2702 2260 ex
2727 2202 2911 2260 studio
2952 2201 3271 2260 litterarum
3307 2207 3529 2278 practer
3566 2195 3795 2276 infinita
3833 2212 3990 2253 com-

2451 2297 2645 2366 moda,
2692 2315 2834 2374 quae
2881 2295 3127 2363 sentitis,
3170 2311 3245 2353 ex
3287 2311 3348 2353 σο
3380 2302 3561 2351 vestra
3594 2288 3811 2350 Civitas
3838 2290 3990 2346 inter

2451 2392 2575 2450 alia
2605 2391 2679 2448 sit
2709 2389 2997 2467 famosa-et
3031 2389 3096 2444 in
3124 2387 3383 2445 universo
3408 2384 3616 2444 mundo
3654 2399 3852 2441 nomen
3879 2399 3992 2440 an·

2452 2485 2748 2543 nuntietur
2770 2483 2970 2560 ipsius,
2992 2480 3256 2558 factaque
3270 2479 3344 2538 sit
3364 2478 3549 2538 altera
3577 2475 3858 2535 Bethleem
3872 2471 3988 2531 -Bo-

2455 2597 2576 2637 m
2605 2577 2855 2636 videlicet
2879 2576 3049 2655 panis
3071 2617 3089 2645 ,
3120 2575 3234 2651 qui-
3256 2572 3518 2652 parvulis
3563 2570 3854 2648 franyitur
3874 2588 3897 2634 ,·
3923 2568 3992 2625 in

2455 2673 2663 2741 eadem,
2694 2689 2768 2729 ex
2786 2689 2901 2748 qua
2927 2679 3132 2728 exeunt
3159 2666 3338 2726 Duces
3357 2667 3459 2744 qm·
3483 2674 3683 2744 requat
3706 2662 3992 2742 Populum

2452 2766 2717 2832 Domini,-
2749 2772 2808 2824 et
2831 2781 2988 2842 quae
3014 2769 3368 2841 sequuntur.
3478 2763 3484 2770 '

2579 2862 2672 2918 10.
2707 2855 3039 2936 Loquimut·
3055 2872 3308 2934 quoque
3335 2852 3411 2913 de
3434 2849 3707 2932 Gregorii
3735 2848 3848 2909 lx.
3872 2849 3989 2908 De-

2453 2950 2767 3013 cretalium
2801 2948 3219 3029 compilatione
3264 2947 3327 3007 in
3372 2945 3644 3025 quinque
3685 2941 3871 3002 libros
3896 2939 3991 3001 di-

2459 3046 2586 3108 visa
2606 3091 2622 3117 ‚
2657 3064 2812 3125 quae
2837 3044 2949 3105 hac
2971 3051 3165 3103 aetate
3207 3042 3269 3102 in
3297 3039 3580 3105 omnibus
3607 3036 3788 3098 totius
3812 3034 4002 3110 Orbis

2456 3137 2708 3211 Scholis,
2737 3145 2794 3199 et
2818 3135 2880 3197 in
2912 3137 3067 3198 Foro
3095 3134 3347 3206 obtinet3
3374 3150 3557 3213 quam
3591 3127 3825 3210 liquido
3847 3127 3992 3190 cons·-

2458 3242 2574 3294 stat
2599 3232 2948 3299 adornatam
2976 3230 3158 3291 fuisse
3192 3248 3230 3289 a
3255 3228 3315 3289 S.
3353 3225 3710 3308 Raymundo
3735 3222 3996 3284 dePen-

2461 3326 2659 3388 nafort
2675 3370 2692 3397 ,
2725 3323 2831 3405 qui
2853 3344 2856 3353 ·
2877 3323 2940 3383 in
2969 3320 3329 3382 Bononiensi
3358 3315 3854 3399 Archigymnasio
3881 3315 3995 3376 Le-

2459 3420 2640 3482 ctor-is
2666 3437 2912 3479 munere
2938 3415 3284 3496 perfunctus
3309 3422 3396 3475 est
3417 3414 3697 3493 idemque
3722 3427 3997 3489 compen-

2461 3514 2628 3575 dium
2657 3509 3137 3592 Archigymnasii
3164 3508 3352 3569 nostri
3383 3506 3767 3576 pacton-ibus,
3800 3521 3869 3564 ac
3899 3500 3995 3561 di-

2461 3606 2705 3687 scipulis
2730 3604 3092 3684 inscriptum
3116 3600 3297 3669 fuisse
3325 3599 3573 3661 minime
3599 3595 3855 3658 dubium
3883 3601 3991 3673 est-
4022 3648 4029 3655 .

2465 3702 2673 3764 Sermo
2697 3699 2938 3760 etiamn
2964 3695 3137 3757 nohis
3162 3695 3420 3757 habetur
3445 3688 3654 3757 (le-lib.
3691 3696 3750 3751 ὃ.
3782 3690 4000 3750 Decre-

2465 3795 2568 3857 tal.
2621 3792 2911 3855 Bonifacii
2953 3791 3160 3864 vm„
3204 3790 3376 3870 cujus
3413 3786 3658 3867 quidem
3702 3782 4002 3846 maxim'us

2463 3898 2549 3950 est
2576 3905 2816 3967 quoque
2843 3905 2986 3947 usus
3027 3884 3092 3944 in
3138 3882 3400 3954 scholis,
3443 3889 3503 3941 et
3527 3879 3689 3951 foro,
3736 3877 3843 3957 qui
3876 3893 4001 3936 non

2469 3982 2664 4044 selum
2691 3982 3148 4059 Praeceptorum
3164 4022 3180 4049 ,
3228 3973 3780 4055 discipulorumque
3807 3972 4004 4033 Bono-

2469 4076 2768 4137 niensium
2807 4074 3051 4135 nomine
3078 4079 3458 4151 nuncupatus
3499 4067 3653 4139 fuit,
3682 4067 3783 4127 sed
3821 4064 4004 4127 etiam

2472 4170 2665 4233 editus
2704 4168 2965 4252 ejusdem
3010 4162 3489 4247 Archigymnasii
3519 4160 3871 4223 Ductoribus
3895 4175 4004 4237 po-

2469 4274 2517 4326 st
2526 4263 2713 4325 ulanti
2722 4265 2832 4324 bus
2846 4307 2863 4336 ‚
2896 4261 3008 4343 qui-
3025 4261 3311 4323 Iacobum
3340 4255 3739 4320 Castellanum
3758 4253 3835 4315 ad
3855 4252 4007 4312 Pon-

2473 4357 2693 4419 tificem
2721 4357 3071 4438 legaverunt
3094 4399 3111 4427 ‚
3133 4361 3210 4415 ‘ut
3250 4351 3313 4413 id
3340 4352 3765 4432 impetrarent,
3795 4363 4009 4427 quem-

2469 4452 2794 4515 admodum
2848 4457 3096 4513 testatur
3149 4447 3408 4509 Ioannes
3458 4444 3727 4506 Andreas
3781 4441 4007 4501 Auctor

2472 4546 2817 4609 coaevusin
2843 4543 3000 4608 notis
3030 4544 3107 4604 ad
3134 4541 3468 4622 proemium
3495 4538 3634 4600 dicti
3664 4542 3722 4597 6.
3755 4533 3901 4595 libri
3940 4532 4011 4594 in

2475 4639 2541 4722 §-
2594 4640 2678 4700 Et
2705 4640 2919 4699 multis.
2956 4637 3161 4698 Verba
3200 4633 3424 4715 pariter
3467 4631 3719 4693 facimus
3762 4628 3838 4688 de
3879 4625 4014 4687 Cle-

2479 4733 2762 4795 mentinis
2781 4732 3055 4795 ultimam
3071 4729 3227 4813 juris
3246 4725 3540 4789 Pontificii
3557 4731 3792 4804 partem
3822 4716 4013 4780 conti-

2476 4828 2760 4891 nentibus
2788 4873 2806 4901 ,
2851 4842 3007 4907 quae
3030 4826 3201 4907 jussu
3226 4819 3544 4903 Clementis
3574 4818 3652 4878 ·V.
3682 4815 3964 4878 collectae
3989 4856 4008 4884 ,

2479 4929 2540 4984 et
2578 4941 2615 4983 a
2643 4921 2873 4995 Ioanne
2901 4920 3105 4983 xxu.
3136 4917 3331 4979 editae
3369 4914 3445 4977 ad
3471 4912 3786 4994 Magistros
3810 4916 3870 4969 et
3922 4905 4019 4968 di-

2481 5015 2737 5097 scipulos
2753 5013 3155 5074 Bononienses
3174 5007 3553 5073 transmissae
3573 5006 3837 5067 fuerunt.
3845 5002 4021 5062 Prae-

2484 5109 2896 5173 termittuntur
2935 5115 3133 5169 autem
3179 5106 3332 5168 aliae
3373 5101 3746 5175 collectiones
3786 5091 4021 5159 Consti-

2486 5204 2787 5266 tutionum
2834 5199 3093 5262 loannis·
3126 5200 3330 5261 xxn.
3378 5205 3449 5257 et·
3474 5194 3731 5257 aliorum
3769 5184 4021 5251 Pontifi-

2485 5318 2621 5360 cum
2642 5343 2659 5369 ,
2702 5315 2859 5377 quae
2896 5293 3033 5356 ideo
3068 5294 3533 5370 Eoetroevaqamos
3565 5294 3875 5348 mem
3926 5278 4022 5368 di·

2485 5380 2706 5454 cuntur
2729 5412 2752 5465 ,2
2792 5387 2935 5471 quia
2977 5372 3259 5449 omnibus
3297 5392 3506 5477 notum
3531 5389 3620 5444 est
3642 5386 3744 5445 eas
3773 5372 4021 5461 prima
