4487 6316
155 2401 367 2445 mot-ito
385 2401 449 2442 in·

153 2466 311 2502 eertum
327 2459 447 2514 enjus

150 2517 446 2617 :sk-miquita-

2471 383 2488 418 t

1792 530 1919 585 ιω.
1961 530 2023 584 .1.
2063 527 2203 583 cm
2243 524 2328 588 XI.
3430 529 3494 579 τι

484 678 788 743 luctuosae
833 677 1215 741 continentur
1239 674 1660 740 caeremoniae
1679 722 1697 751 ,
1729 683 1800 737 ut
1834 676 2034 739 obser-

485 783 589 837 vat
609 775 873 837 Meratus
898 781 1041 834 tom.
1078 776 1131 832 1.
1166 791 1298 852 par.
1339 776 1393 831 1.
1430 790 1562 853 pag.
1602 774 1736 831 498.

606 873 665 929 3.
701 866 984 928 Sacerdos
1003 864 1259 946 extergit
1287 884 1522 938 manus,
1553 864 1745 944 iisque
1769 872 1911 926 ante
1933 882 2033 942 pe*

401 1010 446 1038 ,,.
487 967 618 1022 ctus
641 960 872 1043 junctis
899 958 976 1021 ad
1014 958 1275 1019 medium
1308 959 1512 1020 Altare
1544 956 1717 1029 redit,
1752 957 1884 1029 ubi,
1915 955 2031 1017 ele-

199 1068 275 1150 22’0.
299 1054 378 1095 ⁸⁸⁰
421 1067 444 1095 ⁸
484 1055 639 1117 vatis
657 1055 735 1116 ad
757 1056 949 1116 Deum
963 1052 1173 1125 oculiS,
1203 1052 1524 1132 statimque
1544 1051 1833 1123 demissis,
1864 1048 2032 1130 paul-

482 1148 679 1211 lulum
722 1169 786 1211 se
819 1149 1115 1211 inclinans
1170 1147 1317 1209 dicit
1363 1146 1710 1210 Orationem
1732 1191 1749 1218 ,
1799 1143 2032 1225 Suscipe

484 1243 703 1306 Sancta
739 1244 1019 1306 Trinitas.
1071 1244 1161 1304 Ne
1214 1242 1453 1325 longius
1493 1261 1676 1322 quam
1723 1259 1835 1321 par
1863 1249 1953 1301 est
1994 1258 2032 1302 a

481 1338 785 1419 proposito
805 1337 1215 1420 digrediamur
1236 1383 1253 1411 ,
1296 1337 1360 1396 in
1388 1336 1503 1399 hac
1546 1333 1834 1397 Oratione
1857 1378 1874 1406 ,
1910 1332 2029 1394 Su-

481 1435 626 1514 scipe
656 1432 873 1494 Sancta
931 1433 983 1491 T
976 1435 1181 1492 vinitas
1207 1481 1223 1503 ‚
1263 1432 1559 1513 quaedam
1587 1428 2025 1492 adnotabimus.

483 1527 757 1589 Innuisse
781 1535 979 1599 tamen
1003 1528 1189 1608 juvat
1220 1546 1434 1587 manus
1459 1527 1698 1607 junctas
1734 1531 1795 1585 et
1826 1541 2031 1602 corpo-

482 1621 568 1683 ris
596 1621 1015 1684 inclinationes
1040 1650 1061 1695 ,¹
1092 1622 1167 1683 de
1195 1621 1418 1702 quibus
1446 1620 1545 1681 hic
1599 1626 1661 1682 et
1690 1616 1837 1680 alibi
1870 1635 2033 1678 men-

480 1715 704 1778 tionem
716 1715 1022 1789 saciemm,
1042 1715 1443 1778 humilitatem
1470 1713 1801 1776 Sacerdotis
1834 1708 2031 1791 expri—

481 1829 649 1878 mere
670 1857 687 1884 ‚
717 1820 778 1873 et
803 1810 1023 1873 Christi
1054 1810 1459 1873 obedientiam
1481 1807 1819 1891 significare
1854 1807 2030 1889 juxta

478 1904 815 1968 doctrinam
846 1907 918 1967 D.
977 1905 1242 1967 Thomae
1272 1906 1400 1966 loco
1445 1904 1544 1965 cit.
1590 1905 1654 1963 in
1687 1903 2032 1982 responsione

477 2001 555 2061 ad
586 2003 851 2079 quintum
873 1998 1092 2075 rQuod
1123 2011 1311 2061 autem
1342 2019 1543 2060 manus
1576 1997 1859 2057 interdum
1887 1995 2030 2072 jun-

479 2096 564 2172 qit
588 2143 604 2165 ‚
634 2104 688 2154 et
730 2115 784 2154 se
829 2097 1112 2165 inclinat,
1146 2105 1225 2156 est
1267 2095 1595 2173 suppliciter
1638 2102 1691 2152 et
1741 2091 2032 2150 humiliter

479 2191 698 2250 orantis
721 2237 737 2260 ,
774 2199 827 2248 et
877 2190 1130 2268 desiqnat
1158 2190 1538 2249 humilitatem
1581 2196 1633 2247 et
1667 2186 2031 2252 obedientiam

478 2280 705 2343 Christi
729 2332 743 2352 ‚
777 2303 851 2344 ex
880 2304 994 2362 qua
1017 2303 1213 2364 passus
1240 2293 1338 2344 est.

605 2381 664 2437 t.
699 2376 919 2439 Scribit
965 2377 1301 2439 Cardinalis
1344 2377 1510 2438 Bona
1558 2374 1667 2436 lib.
1709 2379 1767 2434 2.
1804 2375 2028 2435 Rerum

487 2469 774 2551 Liturgic.
811 2490 940 2551 cap.
976 2477 1033 2531 9.
1068 2491 1129 2531 n.
1162 2475 1221 2530 6.
1260 2490 1323 2532 se
1347 2469 1576 2531 nescire
1601 2514 1617 2542 ‚
1653 2486 1838 2548 quam
1860 2473 2030 2528 vetus

485 2563 564 2624 sit
592 2563 785 2624 oratio
834 2564 1066 2643 Suscipe
1097 2562 1313 2624 Sancta
1366 2563 1636 2623 Trinitas.
1668 2559 2030 2640 Micrologus

478 2656 584 2738 qui
614 2657 855 2719 vivebat
882 2659 990 2719 XI.
1010 2658 1245 2720 saeculo
1271 2676 1399 2737 cap.
1444 2661 1535 2716 11.
1569 2656 1676 2728 ait,
1705 2654 1862 2716 hanc
1884 2653 2032 2715 Ora-

482 2751 708 2813 tionem
743 2771 940 2833 neque
962 2753 1026 2812 in
1058 2751 1344 2832 Liturgiis
1369 2749 1694 2812 Gallicanis
1720 2748 2025 2828 scriptam,

481 2845 719 2907 recitari
752 2854 984 2908 tantum
1012 2866 1049 2908 a
1083 2846 1453 2928 Presbyteris
1473 2865 1549 2906 ex
1574 2843 2023 2906 consuetudine:

480 2937 694 3001 Deinde
716 2942 1024 3002 inclinatus
1050 2953 1181 3002 ante
1211 2940 1412 3001 Altare
1436 2941 1591 3000 dicat
1624 2940 1768 3000 hanc
1797 2937 2031 3002 Oratio-

477 3051 607 3093 nem
630 3082 644 3103 ,
680 3054 794 3103 non
819 3055 893 3095 ex
925 3037 1120 3114 aliquo
1154 3033 1369 3097 Ordine
1396 3083 1411 3106 ,
1441 3035 1533 3095 sed
1561 3053 1635 3096 ex
1669 3033 2027 3093 Ecclesiasti-

483 3131 551 3188 co
584 3130 991 3190 consuetudine.
1012 3130 1214 3212 Hujus
1238 3138 1437 3193 tamen
1450 3127 2032 3210 Orationissubstan-

481 3220 567 3281 tia
600 3222 900 3301 reperitur
934 3222 998 3283 in
1045 3222 1288 3284 Graecis
1323 3222 1654 3303 Liturgiis,
1691 3221 1754 3281 in
1803 3219 2027 3282 Missali

482 3314 880 3377 Ambrosiano
907 3362 923 3387 ,
953 3324 1013 3377 et
1039 3316 1101 3376 in
1129 3317 1405 3396 pluribus
1429 3315 1565 3378 aliis
1605 3314 1946 3376 Missalibus
1967 3322 2028 3376 et

480 3407 971 3471 sacramentariis
987 3456 1003 3482 ,
1033 3429 1190 3489 quae
1216 3410 1539 3490 Micrologo
1567 3416 1707 3470 sunt
1731 3408 2029 3487 antiquio-

483 3501 596 3563 ria.
628 3501 1006 3564 Carthusiani
1041 3523 1174 3565 eam
1204 3523 1325 3564 non
1355 3503 1603 3564 recitant
1630 3548 1646 3574 ‚
1679 3502 1840 3582 quod
1869 3500 2025 3561 indi-

478 3595 643 3658 cium
669 3594 811 3658 facit
834 3597 1068 3659 saeculo
1080 3598 1190 3659 XI.
1206 3618 1343 3658 cum
1366 3616 1575 3659 eorum
1596 3596 1759 3656 Ordo
1777 3595 2030 3675 sumpsit

484 3690 799 3750 exordium
822 3737 838 3762 ,
894 3692 1161 3753 nondum
1202 3692 1264 3751 in
1299 3691 1560 3752 Ecclesia
1591 3689 2029 3769 Gratianopoli-

483 3788 659 3855 tana,
707 3784 868 3845 unde
900 3784 1139 3846 Missale
1178 3792 1533 3865 acceperunt
1556 3831 1572 3858 ‚
1628 3803 1760 3845 eam
1795 3782 2027 3844 Oratio-

484 3877 721 3937 nemin
771 3878 949 3942 Missa
989 3878 1343 3941 adhibitam.
1393 3881 1543 3940 Eam
1580 3897 1725 3940 vero
1772 3876 2025 3938 recitant

484 3968 721 4031 Fratres
755 3972 1194 4034 Praedicatoroe
1216 4019 1232 4047 ‚
1280 3973 1383 4033 sed
1430 3960 1495 4032 in
1542 3973 1877 4033 breviorem
1908 3971 2026 4031 for-

482 4081 646 4124 mam
698 4065 1014 4127 redactam.
1072 4067 1349 4128 Diximus
1372 4113 1389 4141 ,
1457 4066 1831 4128 Sacerdotem
1884 4071 2024 4126 ante

479 4155 827 4219 Orationem
853 4205 868 4233 ‚
909 4159 1140 4241 Sus-cipe
1168 4159 1386 4221 Sancta
1438 4160 1690 4221 Trinitas
1714 4208 1730 4230 ,
1778 4162 1904 4242 jam
1940 4157 2022 4220 se-

479 4250 628 4312 cisse
677 4251 1057 4315 Oblationem
1102 4254 1273 4334 panis
1304 4274 1459 4315 cum.
1488 4255 1758 4317 oratione
1790 4254 2023 4333 Suseipe

480 4341 689 4404 Sancte
724 4344 899 4406 Pater
924 4395 939 4417 ,
970 4355 1030 4407 et
1062 4346 1440 4408 Oblationem
1463 4346 1589 4407 vini
1626 4367 1761 4408 cum
1791 4346 2023 4408 Oratio-

479 4456 558 4497 ne
592 4435 893 4518 Offerimus
948 4442 1052 4500 tibi
1105 4439 1340 4501 Domine
1376 4439 1620 4501 Calicem
1645 4489 1661 4511 ,
1698 4461 1767 4502 ac
1808 4440 2023 4502 deinde

476 4531 697 4593 offerre
742 4532 958 4594 iterum
1009 4554 1223 4614 panem
1280 4542 1339 4596 et
1393 4535 1604 4596 vinum
1659 4534 2021 4616 conjunctim

483 4644 622 4685 cum
648 4625 934 4690 Oratione
988 4627 1220 4710 Suscipe
1277 4640 1474 4690 sancta
1523 4628 1794 4701 Trinitas.
1858 4628 2022 4690 Olim

484 4716 792 4782 Gallicana
813 4721 1070 4783 Ecclesia
1095 4743 1213 4783 non
1240 4720 1527 4797 offerebat
1550 4722 1891 4803 disjunctim
1913 4743 2020 4802 pa-

483 4830 623 4871 nem
646 4821 706 4875 et
735 4814 966 4887 vinum,
1002 4817 1103 4877 sed
1138 4826 1464 4897 utrumque
1489 4816 1667 4878 simul
1708 4836 1842 4877 cum
1878 4816 2024 4878 Ora-

484 4904 647 4966 tione
706 4906 939 4988 Snscipe
996 4908 1213 4971 Sancta
1272 4910 1523 4972 Trinitas
1550 4960 1564 4981 ,
1625 4919 1806 4990 atque
1860 4911 2022 4987 hunc

483 4997 773 5060 adhibent
829 5002 1030 5064 Ritum
1083 5005 1265 5066 etiam
1308 5025 1471 5067 nunc
1509 5004 1905 5079 Carmelitae,
1961 5013 2022 5067 et

484 5091 724 5155 Fratres
752 5092 1208 5159 PraedicatoreS.
1242 5099 1678 5161 Verum'Ritus
1704 5145 1720 5172 ,
1754 5118 1875 5180 quo
1904 5098 2021 5159 uti-

487 5192 585 5246 tur
606 5170 872 5250 Romana
903 5190 1161 5252 Ecclesia
1188 5238 1204 5264 ,
1241 5193 1527 5255 offerendi
1561 5193 1825 5273 primum
1860 5212 2024 5273 sepa-

479 5277 661 5357 ratim
694 5300 909 5360 panem
941 5293 1001 5343 et
1051 5283 1257 5344 vinum
1285 5330 1301 5356 ‚
1331 5305 1401 5346 ac
1438 5286 1654 5348 deinde
1695 5294 2022 5366 utrumque

478 5370 656 5432 sinim
685 5418 701 5443 ,
731 5374 976 5435 omnino
1002 5376 1292 5438 consentit
1323 5396 1461 5438 cum
1497 5379 1637 5440 Ritu
1675 5378 2019 5440 Ambrosia-

478 5483 579 5526 no.
606 5465 865 5540 Quidam
890 5488 1033 5531 vero
1074 5470 1418 5533 existimant
1444 5471 1680 5553 ,Equam
1720 5492 1890 5534 nunc
1920 5472 2022 5535 Sa-

2136 673 2343 734 cerdos
2366 652 2670 733 offerendo
2696 689 2911 752 panem
2940 671 3148 734 recitat
3171 669 3519 734 Orationem
3562 666 3612 726 S
3615 688 3681 728 ιι-

2138 769 2284 846 scipe
2317 765 2526 828 Sancte
2570 765 2780 837 Pater,
2818 786 2950 828 eam
2997 764 3142 827 olim
3174 785 3294 828 non
3333 767 3528 848 ipsum
3574 766 3681 828 Sa-

2137 862 2435 924 cerdotem
2460 907 2476 934 ‚
2515 861 2616 923 sed
2650 861 2943 941 Populum
2987 861 3237 924 recitare
3261 861 3633 923 consuevisse
3658 906 3676 935 ,

2137 975 2276 1017 cum
2302 955 2602 1018 Sacerdoti
2631 961 2848 1037 panem
2877 957 3345 1019 consecrandum
3370 956 3679 1019 offerebat:

2137 1058 2452 1131 postquam
2478 1057 2680 1113 autem
2710 1071 2837 1113 mos
2865 1051 2969 1113 ille
2999 1051 3259 1114 exolevit
3283 1051 3443 1131 apud
3493 1051 3684 1130 Popu-

2137 1142 2267 1204 lum
2293 1144 2576 1207 otl'erendi
2607 1165 2819 1225 panem
2839 1189 2854 1216 ,
2886 1145 3260 1210 Sacerdotem
3282 1143 3540 1206 subinde
3554 1163 3681 1206 coe-

2138 1239 2295 1318 pisse
2319 1259 2451 1300 eam
2480 1240 2677 1300 dicere
2704 1239 2947 1302 nomine
2986 1240 3221 1320 Populi.
3259 1238 3414 1302 Vide
3458 1240 3683 1322 Ponget

2136 1332 2331 1394 Instit.
2364 1332 2718 1396 Catholicar.
2756 1343 2896 1396 tom.
2932 1341 2990 1396 2.
3022 1355 3157 1417 pag.
3190 1338 3327 1396 846.

2258 1432 2315 1487 5.
2358 1428 2428 1487 In
2456 1427 2660 1488 eadem
2689 1427 2975 1491 Oratione
3001 1429 3224 1490 mentio
3249 1426 3320 1490 fit
3346 1427 3421 1488 de
3451 1427 3681 1489 Passio-

2137 1538 2235 1594 ne,
2270 1520 2719 1584 Resurrectione
2747 1534 2807 1585 et
2832 1524 3188 1586 Ascensione
3217 1523 3454 1584 Domini
3484 1520 3681 1596 Nostri

2137 1615 2277 1676 Jesu
2310 1615 2555 1678 Christi:
2581 1615 2813 1697 Suscipe
2841 1616 3058 1680 Sancta
3085 1618 3336 1678 Trinitas
3362 1619 3506 1678 hane
3533 1617 3686 1676 obla-

2139 1712 2365 1781 tionem,
2389 1731 2559 1791 quam
2587 1714 2690 1772 tibi
2713 1711 2996 1795 offerimus
3024 1714 3090 1773 οὺ
3113 1715 3435 1774 memoriam
3462 1711 3684 1773 Passio·

2136 1807 2227 1865 nis
2252 1856 2267 1877 ,
2297 1806 2737 1869 Restat-rectionis
2765 1855 2779 1878 ‚
2821 1820 2873 1868 et
2902 1808 3252 1868 Ascensionis
3290 1807 3429 1868 Jesu
3466 1804 3684 1870 Christi

2136 1896 2371 1960 Domini
2388 1904 2587 1972 nostri,
2614 1901 2795 1981 idque
2811 1909 2880 1963 ut
2901 1909 3094 1963 totum
3113 1902 3486 1982 exprimatur
3506 1898 3681 1961 Chri-

2135 1995 2211 2057 sti
2245 1995 2644 2058 Sacrificium.
2678 1998 2748 2057 In
2780 1995 3098 2058 Sacrificiis
3128 1997 3162 2058 J
3169 1995 3391 2058 udaieis
3422 2003 3683 2076 [nactan-

2137 2089 2216 2152 da
2253 2083 2496 2153 victima
2524 2091 2879 2172 eligebatur,
2906 2099 3088 2172 atque
3119 2111 3227 2171 per
3251 2090 3548 2172 ejusmodi
3567 2089 3684 2151 ele-

2137 2183 2397 2245 ctionem
2425 2185 2595 2264 quasi
2622 2183 2987 2247 sanctificata
3009 2185 3381 2256 censebatur,
3405 2191 3464 2245 et
3487 2203 3525 2245 a
3551 2201 3686 2263 pro-

2140 2279 2282 2342 fano
2315 2300 2428 2341 usu
2455 2286 2701 2342 semota:
2738 2280 2800 2341 in
2824 2279 3243 2342 Incarnatione
3271 2279 3477 2341 itidem
3509 2277 3682 2340 victi-

2136 2394 2237 2437 ma
2267 2375 2484 2436 selecta
2511 2374 2627 2435 fuit
2655 2420 2672 2448 ,
2708 2381 2768 2436 et
2796 2367 3161 2436 sanctificata
3186 2395 3202 2447 ς
3233 2373 3499 2435 humana
3519 2372 3683 2438 enim

2134 2467 2322 2530 electa
2355 2468 2472 2529 fuit
2506 2467 2726 2530 Christi
2760 2476 2978 2531 natura
3005 2515 3021 2543 ‚
3056 2487 3247 2549 eaque
3282 2487 3418 2530 cum
3454 2473 3672 2530 natura

2134 2562 2342 2625 divina
2379 2563 2746 2645 hypostatice
2766 2564 3102 2646 conjuncta,
3124 2553 3326 2644 ac'per
3350 2582 3481 2625 eam
3509 2563 3680 2625 unio-

2134 2676 2275 2718 nem
2305 2657 2557 2720 conssata
2589 2657 2706 2719 fuit
2733 2658 2976 2720 victima
3005 2658 3188 2740 digna
3209 2704 3226 2731 ,
3259 2677 3415 2739 quae
3440 2660 3565 2720 Deo
3590 2678 3681 2721 sa-

2135 2750 2528 2815 crificaretur.
2559 2754 2628 2813 ln
2652 2753 2861 2814 iisdem
2883 2754 2916 2812 J
2921 2753 3249 2815 udaeorum
3270 2752 3575 2814 sacrificiis
3596 2751 3684 2815 vi-

2134 2847 2378 2909 ctimam
2400 2846 2683 2908 Sacerdos
2702 2847 2989 2909 offerebat
3014 2854 3337 2927 antequam
3367 2854 3673 2909 mactaret:

2135 2942 2394 3021 primam
2431 2940 2635 3003 itidem
2672 2941 2948 3003 victimae
2976 2941 3342 3003 oblationem
3385 2950 3525 3003 ante
3550 2931 3681 3023 ejus

2134 3034 2605 3097 immolationem
2638 3035 2776 3097 fecit
2805 3035 3075 3097 Christus
3101 3035 3162 3095 in
3196 3043 3497 3097 momento
3529 3035 3678 3100 nati-

2134 3130 2339 3192 vitatis
2366 3150 2530 3193 suae:
2553 3128 2874 3210 Inqrecliens
2901 3132 3048 3191 enim
3073 3131 3347 3192 mundum
3364 3130 3527 3191 dicit:
3557 3130 3678 3191 Ho-

2136 3226 2508 3287 locautoma'ta
2525 3247 2631 3305 pro
2650 3237 2867 3305 peccato
2888 3245 3000 3285 non
3025 3227 3129 3285 tibi
3140 3227 3497 3305 placuerunt.
3526 3224 3680 3286 Tm

2134 3319 2267 3378 dicei
2290 3339 2310 3378 .·
2339 3319 2484 3379 Ecce
2517 3322 2674 3378 venio
2710 3330 2776 3378 ut
2810 3320 3017 3397 faciam
3043 3366 3060 3390 ,
3102 3318 3253 3378 Deus
3280 3366 3295 3388 ,
3341 3319 3682 3379 voluntatem

2134 3422 2293 3472 tuam
2310 3432 2332 3472 .·
2366 3413 2566 3473 Verba
2596 3420 2737 3472 sunt
2766 3410 3029 3491 Apostoli
3060 3412 3137 3473 ad
3169 3412 3510 3472 Haehraeos
3536 3430 3665 3492 cap.

2138 3510 2232 3567 10.
2267 3506 2340 3567 In
2379 3504 2684 3568 sacrificiis
2722 3505 2985 3567 Iudaicis
3023 3505 3472 3585 sacrificabatur
3508 3505 3681 3567 victi-

2135 3618 2234 3661 ma
2261 3645 2278 3672 ,
2315 3600 2561 3680 ejusque
2591 3599 2833 3681 sanguis
2859 3600 3086 3663 circum
3117 3598 3323 3661 Altare
3354 3600 3678 3681 spargeba-

2135 3698 2235 3752 tur
2261 3711 2277 3751 t
2315 3693 2379 3752 in
2411 3694 2566 3774 Lege
2595 3713 2752 3755 nova
2779 3701 2982 3754 nostra
3009 3693 3123 3755 fuit
3151 3682 3395 3755 victima
3425 3702 3677 3756 mactata

2131 3785 2196 3845 in
2225 3787 2412 3847 Cruce
2436 3832 2451 3858 ,
2489 3786 2595 3847 ubi
2630 3807 2693 3848 se
2745 3807 2808 3848 se
2835 3786 3107 3849 Christus
3134 3787 3356 3850 obtulit
3399 3788 3560 3849 Patri
3608 3788 3676 3849 in

2131 3888 2475 3942 nostrorum
2501 3880 2902 3960 expiationem
2929 3889 3304 3962 peccatorum
3331 3927 3348 3955 ,
3378 3872 3676 3962 suumque

2129 3975 2486 4055 sanguinem
2529 3973 2685 4036 fudit
2730 3975 2957 4038 circum
2996 3976 3187 4039 altare
3212 4023 3228 4049 ‚
3262 3996 3399 4038 cnm
3432 3996 3674 4038 sacrum

2128 4070 2258 4150 ejus
2282 4069 2440 4131 latus
2472 4069 2676 4131 lancea
2712 4069 3070 4132 transfixum
3105 4079 3210 4133 est.
3249 4073 3320 4132 In
3365 4066 3673 4133 sacrificiis

2128 4162 2392 4224 «Iudaicis
2417 4163 2659 4225 victima
2688 4164 3115 4226 incendebatur
3146 4185 3325 4245 super
3351 4165 3541 4227 altare
3567 4163 3673 4227 ho-

2125 4255 2549 4330 locaustorum,
2581 4267 2650 4319 ut
2669 4258 2959 4338 quicquid
2980 4260 3041 4319 in
3070 4279 3140 4320 ea
3161 4259 3293 4320 vitii
3314 4266 3485 4330 esset,
3509 4259 3674 4320 flam-

2127 4352 2242 4411 mis
2273 4352 2688 4414 absumeretur
2705 4398 2721 4425 ,
2751 4361 2811 4414 et
2839 4352 3038 4414 fumus
3066 4352 3142 4414 ad
3171 4353 3415 4413 Coelum
3440 4351 3673 4414 tollere-

2129 4450 2258 4516 tur,
2283 4446 2347 4504 in
2371 4447 2590 4506 odorem
2610 4448 2907 4506 suavitatis
2925 4494 2939 4515 ‚
2975 4454 3043 4506 ut
3066 4464 3233 4507 sacra
3258 4444 3568 4525 Scriptura
3588 4444 3672 4507 Ιο-

2128 4538 2359 4616 quitur.
2398 4540 2466 4599 In
2500 4559 2655 4602 nova
2687 4540 2841 4621 Lege
2880 4548 3228 4619 consumpta
3271 4539 3387 4600 fuit
3429 4539 3673 4601 victima

2127 4631 2192 4692 in
2212 4632 2430 4694 Christi
2465 4633 2915 4694 Resurrectione
2935 4642 2996 4694 et
3022 4634 3396 4694 Ascensione.
3428 4634 3581 4695 Nam
3605 4633 3669 4693 in

2132 4726 2586 4789 Resurrectione
2620 4729 2928 4789 absortum
2961 4728 3075 4789 fuit
3107 4729 3170 4788 in
3201 4728 3439 4791 Christo
3464 4774 3481 4802 ,
3525 4730 3675 4807 quod

2130 4823 2367 4881 mortale
2392 4832 2470 4881 est
2498 4843 2536 4882 a
2565 4824 2683 4882 rita
2700 4871 2715 4891 ‚
2744 4829 2812 4883 ut
2840 4822 2926 4883 ait
2952 4821 3268 4902 Apostolus
3288 4828 3346 4883 2.
3379 4822 3567 4903 Epist.
3594 4821 3674 4884 ad

2130 4914 2499 4986 CorinthioS,
2532 4916 3035 4996 absumptumque
3063 4916 3178 4978 fuit
3205 4916 3493 4997 quicquid
3524 4916 3675 4976 ines-

2129 5027 2193 5069 se
2218 5014 2450 5087 poterat
2477 5007 2905 5086 corruptibile3
2937 5016 2997 5070 et
3026 5009 3091 5069 in
3122 5009 3478 5071 Ascensione
3507 5008 3672 5069 victi-

2130 5120 2229 5163 ma
2257 5120 2295 5162 a
2329 5101 2453 5161 Deo
2482 5111 2717 5180 accepta
2747 5101 2810 5161 in
2839 5102 3084 5164 odorem
3112 5102 3422 5165 suavitatis
3443 5148 3460 5175 ,
3504 5096 3563 5161 et
3594 5100 3672 5162 ad

2130 5196 2259 5276 ejus
2290 5195 2594 5256 dexteram
2615 5194 2734 5257 fuit
2758 5196 3064 5260 collocata.
3101 5198 3373 5277 Denique
3399 5195 3465 5256 in
3494 5194 3672 5256 sacri-

2128 5287 2282 5349 ficiis
2309 5289 2572 5350 Iudaicis
2604 5289 2866 5370 Populus
2894 5300 3125 5372 partem
3164 5291 3456 5358 victimae,
3477 5305 3675 5349 come-

2127 5382 2345 5457 debat3
2376 5391 2435 5443 et
2461 5383 2523 5443 in
2555 5383 2654 5445 die
2683 5386 3050 5447 pentecostes
3081 5385 3343 5465 Populus
3369 5384 3672 5444 cmnmuni-

2127 5478 2274 5537 cavit
2312 5478 2565 5539 victimae
2590 5525 2606 5548 ‚
2651 5486 2721 5540 ut
2750 5478 3074 5558 Scriptores
3108 5476 3480 5557 loquuntur;
3528 5493 3669 5536 nam

3757 1430 3811 1461 nr
3853 1414 4010 1458 mutio

3723 1471 3792 1518 fist
3813 1475 3853 1515 in
3871 1487 3917 1515 ea
3948 1470 4009 1512 0-

3722 1533 3880 1574 ratioue
3908 1533 4010 1571 Pas·

3723 1589 3866 1641 sionis,
3923 1590 4009 1627 ne-

3724 1644 3987 1688 surrectionis

3724 1712 3766 1746 et
3796 1703 4009 1745 Asi-,eosic-

3757 1761 3820 1802 οἱ.
3879 1762 3982 1802 10·-

3723 1817 3892 1861 Christi.
