4487 6316
1753 551 1876 603 un.
1916 552 1982 604 u.
2022 547 2161 600 ew.
2201 548 2385 602 xvut.

106 767 197 803 tue.

3375 548 3470 595 111

106 716 190 744 0⁰·
192 702 237 756 i·-
240 717 374 760 nsun-
453 694 780 768 Sacerdos,
812 713 950 756 cum
972 694 1117 756 dicit
1144 697 1500 776 sanctificas
1529 687 1736 757 Crucis
1761 693 2002 777 signum
2112 712 2255 754 vero
2290 692 2366 754 ad
2400 692 2522 754 alia
2560 692 2681 753 duo
2720 690 2926 753 Crucis
2957 689 3128 772 signa
3172 708 3329 770 quae
3368 685 3653 750 Sacerdos

447 787 612 849 ducit
654 807 835 868 super
864 788 1183 861 Hostiam,
1230 796 1291 850 61
1319 788 1619 858 Calicem,-
1667 788 1826 851 idem
1859 787 2002 850 facit
2107 786 2271 848 ducit
2304 786 2459 848 inter
2485 806 2547 848 se
2570 794 2628 847 61
2654 786 2952 859 Calicem,
2981 784 3260 856 advertit,
3293 783 3403 844 etsi
3434 781 3652 844 Catho-

443 900 582 942 cum
608 881 753 943 dicit
781 882 1054 963 vivificas.-
1077 901 1146 943 ac
1170 883 1345 944 tertio
1364 882 1506 945 item
1525 882 1732 944 Crucis
1757 882 1996 964 signum
2106 879 2221 943 lico
2275 900 2452 942 sensu
2477 880 2765 943 affirmari
2810 888 3000 960 potest
3038 886 3281 960 propter
3316 875 3650 959 hypostati-

440 974 646 1048 ducit,
684 994 823 1036 cum
862 975 952 1043 ait
1005 977 1294 1037 benedicis.
1345 973 1626 1038 Calicem
1650 976 1867 1037 deinde
1905 973 1998 1036 di-

444 1072 732 1148 scooperit
764 1118 776 1136 ,
810 1072 1151 1150 genuflectit
1181 1118 1193 1140 ‚
1227 1069 1439 1148 surgit,
1474 1070 1753 1132 dexterae
1785 1088 1999 1131 manus

446 1164 658 1240 pollice
688 1176 740 1222 ut
780 1166 969 1222 indit-t·-
1001 1166 1398 1242 apprulwutlit
1424 1152 1718 1238 Hostiam)
1755 1164 1998 1226 sinistra

444 1258 700 1318 Calicem
732 1268 886 1318 tonet
913 1306 925 1328 ,
967 1272 1021 1318 ut
1061 1260 1263 1318 Hostia
1319 1260 1444 1338 ipsa
1473 1260 1554 1321 ab
1582 1278 1706 1320 una
1741 1260 1818 1321 ad
1848 1257 1998 1320 alte-

448 1374 576 1412 ram
606 1352 816 1412 Calicis
844 1374 1009 1412 uram
1053 1354 1257 1412 (Irni-is
1285 1354 1398 1414 tria
1426 1352 1597 1434 signa
1633 1353 1837 1427 ducit,
1871 1352 1998 1432 pri-

448 1466 610 1504 mum
642 1468 774 1504 (futu
808 1448 948 1506 dicit
979 1470 1073 1524 per
1105 1452 1285 1524 ipsum.
1319 1498 1329 1516 ‚
1380 1447 1642 1509 alterum
1673 1467 1810 1509 cum
1854 1446 2000 1509 dicit

448 1562 572 1598 cum
604 1544 758 1618 ipso,
803 1542 1041 1600 [ortium
1079 1564 1213 1600 (Ὴιιι
1271 1542 1414 1604 ‹lis-it
1439 1545 1503 1602 t‘n
1546 1545 1685 1623 ipsc.
1730 1544 1862 1604 Duo
1890 1561 1998 1623 po-

444 1644 564 1695 stca
594 1683 607 1707 ,
650 1646 848 1695 [cumis
880 1636 1075 1695 adlim-
1107 1638 1377 1697 Hostiam
1403 1684 1420 1711 ,
1455 1637 1612 1710 inter
1640 1657 1703 1697 se
1732 1647 1792 1698 et
1839 1627 1999 1698 Gali-

446 1751 572 1789 cem
606 1731 808 1789 Crucis
840 1733 1009 1809 signa
1043 1733 1201 1803 savit,
1241 1735 1500 1811 primum
1534 1751 1671 1794 cum
1704 1730 1850 1792 dicit
1889 1731 2000 1791 Est

444 1827 548 1883 tibi
578 1825 688 1883 Deo
716 1825 882 1885 Pam·
915 1875 925 1893 ,
957 1827 1211 1885 altorum
1235 1849 1367 1885 cum
1403 1825 1489 1887 ait
1514 1829 1579 1886 in
1606 1829 1831 1888 unitate
1859 1825 1999 1906 Spi-

446 1923 592 1977 ritus
654 1919 896 1989 Sancti,
951 1941 1017 1979 ac
1053 1923 1311 1999 (Ιυιιίιμιυ
1363 1920 1570 1982 adina
1610 1922 1791 1981 verba
1825 1922 2003 1979 omnis

450 2015 622 2071 honor
646 2025 694 2071 e!
726 2017 933 2091 ylnria,
973 2023 1177 2073 leucus
1213 2016 1477 2076 llosliam
1503 2035 1687 2096 supra
1719 2014 1999 2089 Calicem,

451 2117 776 2185 utrumque
812 2109 1147 2185 paullulum
1179 2109 1430 2170 extollit.

574 2207 666 2259 15.
695 2203 768 2259 l).
796 2201 1053 2261 Thomas
1077 2205 1150 2262 dc
1180 2205 1371 2262 tribus
1390 2201 1768 2264 hisceCrucis
1793 2202 2001 2283 signis,

356 2295 379 2322 ⁸
396 2308 412 2333 ⁹
453 2310 611 2372 quae
637 2290 796 2353 fiunt
824 2292 899 2353 ad
930 2291 1034 2354 illa
1055 2295 1239 2355 verba
1263 2297 1601 2377 sanctificas,
1629 2297 1898 2378 vivificas,
1923 2297 2008 2356 bc-

450 2387 658 2446 ncdicis
686 2433 701 2456 ,
733 2396 784 2447 ct
819 2396 1074 2465 praestas
1118 2389 1311 2460 nobis,
1367 2388 1493 2463 ait,
1540 2410 1612 2453 ea
1664 2389 2006 2471 significare

445 2486 565 2540 tres
595 2478 731 2540 illas
758 2478 1075 2541 Orationes
1105 2483 1246 2543 Jesu
1268 2482 1492 2545 Christi
1524 2483 1589 2544 in
1619 2483 1828 2556 Cruce‚
1855 2503 2006 2564 qua-

449 2592 588 2634 rum
620 2574 817 2653 prima
840 2583 928 2635 est
955 2594 1093 2636 cum
1125 2577 1323 2638 oravit
1358 2597 1468 2657 pro
1502 2578 2007 2658 persecutoribuS,

452 2665 673 2728 Patsr'
650 2688 863 2746 tynoscc
885 2670 1026 2729 illis.
1066 2669 1273 2732 Altera
1305 2691 1442 2733 cum
1475 2672 1635 2733 dixit
1662 2671 1811 2734 Deus
1835 2692 2004 2734 meas.

113 2778 276 2819 ιιοωω
285 2784 417 2926 ¹¹3“Z-
457 2760 608 2821 Deus
640 2781 825 2833 mem,
861 2773 927 2821 ut
960 2766 1098 2842 quid
1125 2766 1476 2845 dereliquisti
1498 2759 1618 2826 mo?
1652 2765 1853 2828 Tertia
1871 2785 2009 2827 cum

113 2834 282 2876 ”““’“”’
397 2855 655 2929 ⁸dixit,
703 2855 881 2916 Pater
910 2860 974 2916 in
1000 2878 1211 2919 ntanas
1232 2870 1362 2920 tuas
1389 2861 1700 2920 commendo
1741 2862 2009 2940 spiritum

113 2892 256 2933 cantion
257 2902 300 2927 es

116 2945 377 2992 D·'1'¹¹⁰¹¹¹⁸·
457 2970 658 3010 mcum.
699 2950 867 3011 Idem
897 2950 957 3011 S.
1002 2953 1218 3012 Ductor
1248 2952 1324 3014 (16
1366 2953 1550 3014 trium
1583 2952 1830 3015 illorum
1865 2952 2009 3013 item

2103 994 2233 1036 cam
2269 975 2557 1036 unionem
2589 974 2891 1036 humanae
2929 982 3182 1036 natur-ae
3208 992 3346 1035 cum
3392 972 3653 1036 Persona

2104 1067 2328 1150 Divina
2361 1067 2580 1129 Christi
2616 1069 2807 1129 Deum
2833 1087 2958 1129 esse
2980 1086 3253 1147 passum,
3288 1064 3536 1126 minime
3562 1072 3653 1127 ta-

2107 1180 2243 1222 men
2273 1162 2389 1223 dici
2426 1182 2593 1242 posse
2626 1162 2890 1235 Patrem,
2915 1171 3022 1223 aut
3042 1161 3337 1242 Spiritum
3368 1159 3654 1221 Sanctum

2102 1276 2227 1318 esse
2262 1277 2499 1337 passum
2527 1277 2543 1329 ς
2582 1277 2653 1319 ac
2686 1266 3000 1338 propterea
3045 1256 3120 1318 ad
3150 1254 3256 1318 illa
3283 1255 3468 1318 verba
3492 1300 3509 1328 ,
3542 1254 3655 1314 Est

2107 1354 2210 1410 tibi
2254 1351 2368 1412 Deo
2408 1352 2582 1413 Patri
2628 1354 2990 1432 onmipotcnti
3018 1354 3084 1411 in
3137 1353 3356 1412 unitate
3400 1348 3658 1428 Spiritus

2106 1441 2313 1506 Sancti
2345 1445 2465 1505 duo
2497 1453 2669 1506 extra
2703 1443 2963 1506 Calicem
2995 1444 3166 1526 signa
3193 1441 3399 1504 Crucis
3421 1440 3577 1503 fieri.

2229 1543 2323 1599 16.
2366 1539 2689 1620 Reliquum
2719 1548 2827 1612 est,
2859 1548 2928 1601 ut
2954 1540 3028 1600 de
3056 1559 3245 1620 parva
3274 1537 3379 1599 illa
3406 1534 3652 1597 Hostiae
3691 1529 3875 1598 Elmsso
3897 1535 3988 1575 Βο-

2107 1641 2167 1694 61
2200 1632 2415 1694 Calicis
2444 1632 2776 1695 elevatione
2822 1652 3012 1713 pauca
3054 1633 3350 1712 quaedam
3403 1628 3657 1713 attinga-⁴
3693 1601 3749 1686 ise

2108 1745 2263 1787 muS.
2306 1727 2437 1788 Non
2468 1726 2604 1806 plus
2637 1746 2820 1807 quam
2847 1734 3171 1807 quaternos
3199 1724 3327 1786 tolli
3358 1718 3534 1785 debct
3559 1721 3652 1783 di-

2106 1820 2263 1902 gitos
2315 1821 2486 1883 Calix
2519 1831 2579 1882 et
2624 1821 2876 1894 Hostia,
2932 1829 3002 1882 ut
3036 1828 3281 1882 monent
3328 1819 3668 1899 Scriptores
3695 1815 3821 1872 ⁸¹⁰⁶·

3696 1888 3751 1939 qu
3727 1884 3850 1973 ⁰0:210
3839 1848 3994 1918 'imno‘

3456 1911 3662 1973 Omnis
3698 1933 3768 1972 tm

2109 1914 2184 1975 de
2217 1915 2400 1977 sacris
2450 1915 2730 1990 Ritibus,
2761 1937 2898 1977 cum
2944 1915 3226 1977 dicuntur
3262 1913 3410 1987 illa,

3804 1593 3987 1643 ,atea-

3817 1647 3868 1688 ad
3919 1647 3989 1688 iall

3695 1660 3990 1756 22:12⁸,0m-

3696 1761 3991 1804 anhusen-et

3912 1817 3991 1860 ali-

3857 1940 3993 1989 cnepn

3769 1995 3836 2031 tn
3866 1992 3991 2033 stin-t

2110 2010 2289 2071 honor
2321 2023 2371 2071 et
2408 2015 2613 2091 qloria.
2649 2013 2722 2073 ln
2772 2011 2885 2073 hac
2916 2010 3249 2073 elevatione
3278 2000 3506 2090 Populo
3534 2028 3654 2070 non
3696 2003 3966 2090 ΕᾎΕᾎΠ
3914 2052 3991 2089 m,

2108 2105 2506 2166 ostcnduntur
2539 2105 2866 2167 adoranda.
2903 2105 2974 2165 In
3015 2103 3378 2184 quibusdam
3422 2101 3720 2163 Galliae⁰

2108 2197 2389 2259 Ecclesiis
2410 2199 2485 2261 ad
2513 2197 2671 2260 hanc
2691 2198 3102 2260 Elevationem
3125 2196 3399 2276 pulsatur
3417 2214 3660 2274 campa·

2112 2292 2292 2365 nula3
2317 2292 2379 2353 in
2408 2293 2757 2374 aliquibus
2741 2313 2805 2354 ιιι
2834 2292 3014 2354 Missa
3034 2291 3284 2353 solemni
3307 2288 3662 2352 thurifican-

2112 2394 2238 2460 tur,
2280 2395 2348 2448 ut
2371 2387 2577 2449 videre
2609 2396 2698 2449 est
2729 2387 2889 2468 apud
2918 2384 3277 2448 Mahillon.
3260 2405 3325 2444 m
3348 2384 3664 2445 Commen-

2114 2489 2231 2543 tar.
2265 2483 2340 2543 ad
2364 2481 2512 2544 Ord.
2551 2484 2723 2544 Rom.
2752 2501 2815 2542 ιι.
2845 2488 2904 2543 7.
2934 2490 2994 2543 61
3025 2480 3185 2562 apud
3208 2480 3291 2540 Le
3318 2481 3483 2540 Brun
3514 2485 3657 2539 tom.

2119 2581 2173 2637 1.
2217 2597 2352 2658 pag.
2391 2581 2527 2637 542.
2565 2577 2871 2638 Vetustior
2905 2584 2994 2638 est
3020 2623 3037 2651 ,
3074 2583 3143 2636 ut
3176 2574 3441 2636 diximus
3466 2619 3482 2646 ,
3520 2571 3667 2634 haec

2114 2669 2370 2731 elevatio
2397 2670 2643 2731 Hostiae
2679 2680 2739 2731 et
2771 2668 2987 2731 Calicis
3006 2715 3023 2743 ,
3073 2688 3257 2749 quam
3288 2666 3466 2729 altior
3509 2664 3615 2727 illa
3640 2710 3658 2738 ‚

2115 2782 2275 2842 quae
2299 2762 2369 2824 fit
2396 2763 2712 2844 utriusque
2731 2763 3049 2844 separatim
3072 2761 3271 2823 statim
3295 2769 3429 2841 post
3452 2760 3665 2821 Conse-

2114 2857 2484 2931 crationcm‚
2468 2880 2485 2895 ·
2516 2858 2769 2939 ideoque
2787 2859 2865 2919 (16
2898 2857 3090 2938 prima
3120 2863 3354 2917 tantum
3376 2854 3660 2917 elevatio·

2114 2972 2191 3012 ιι(
2229 2951 2297 3014 fit
2336 2952 2565 3014 mentio
2594 2952 2658 3012 in
2692 2953 2977 3033 Liturgiis
3006 2951 3210 3013 Basilii
3236 2959 3295 3012 61
3322 2951 3667 3033 Chrysosto-

451 3043 764 3126 signorum
795 3044 1001 3106 Crucis
1027 3045 1366 3126 significatu
1402 3047 1714 3135 loquitur,
1744 3066 1901 3128 quae
1930 3046 2010 3109 ab
2115 3046 2245 3120 mi,
2281 3055 2351 3108 ut
2372 3049 2650 3110 observat
2673 3048 2943 3110 Bellote
2926 3068 2991 3108 ιιι
3024 3045 3559 3109 observationibus
3591 3043 3668 3105 ad

455 3156 579 3200 una
605 3138 682 3201 ad
713 3138 966 3201 alteram
996 3138 1211 3202 Calicis
1237 3161 1411 3204 oram
1432 3141 1736 3203 ducuntur
1781 3141 1857 3204 ad
1901 3141 2008 3204 illa
2117 3142 2292 3204 Ritus
2338 3142 2634 3205 Ecclesiae
2664 3141 3078 3224 Laudunensis
3120 3162 3253 3222 pag.
3307 3145 3443 3202 567.
3486 3160 3548 3199 ιι.
3598 3142 3657 3199 ᾧ.

457 3234 642 3295 verba
661 3253 765 3314 per
795 3236 1020 3314 ipsam,
1058 3246 1258 3295 etcum
1290 3238 1449 3316 ipso,
1484 3248 1535 3296 et
1562 3240 1626 3296 in
1656 3240 1794 3317 ipsc,
1825 3244 2006 3317 atque
2056 3211 2063 3331 Ι

2115 3237 2324 3298 Postea
2349 3257 2492 3299 vero
2522 3257 2704 3318 quam
2732 3246 3007 3318 coeptum
3028 3245 3116 3299 est
3137 3235 3359 3297 elevari
3389 3233 3662 3314 proxime

455 3326 531 3389 iis
567 3339 685 3388 tres
715 3327 1040 3410 significari
1074 3329 1254 3391 horas
1280 3376 1297 3403 ,
1328 3331 1550 3411 quibus
1575 3333 1746 3392 Jesus
1772 3351 1809 3392 a
1841 3340 2007 3393 sexta
2113 3340 2248 3411 post
2281 3331 2798 3394 Consecrationem
2826 3333 3054 3412 Corpus
3073 3340 3133 3393 et
3164 3329 3440 3411 SanguiS,
3464 3328 3663 3389 eleva-

451 3423 530 3485 ad
580 3422 800 3484 nonam
832 3423 1113 3503 pependit
1155 3423 1219 3485 in
1253 3425 1461 3486 Cruce.
1497 3426 1769 3506 Denique
1814 3426 1888 3486 de
1934 3424 2008 3486 iis
2114 3425 2230 3499 tio,
2258 3427 2333 3487 de
2365 3446 2486 3507 qua
2513 3427 2821 3507 loquimur
2848 3473 2864 3499 ‚
2901 3446 3089 3508 parva
3112 3426 3223 3499 fit,
3250 3434 3309 3486 et
3343 3424 3473 3486 sine
3500 3443 3663 3485 cam-

455 3516 664 3578 Crucis
692 3516 879 3597 signis
914 3516 1038 3598 agit
1065 3562 1081 3589 ,
1118 3536 1275 3597 quae
1305 3516 1461 3579 fiunt
1488 3527 1665 3581 extra
1704 3518 1961 3580 Calicem
1985 3563 2003 3592 ,

2114 3520 2378 3599 panulae
2406 3539 2596 3582 sono:
2647 3520 2795 3580 Anto
2833 3522 3118 3581 sacculum
3157 3520 3542 3580 duodecimam
3585 3518 3663 3578 ad

455 3610 680 3692 quibus
705 3610 790 3671 ait
814 3610 989 3671 innui
1013 3611 1252 3674 animae
1273 3613 1710 3693 separationem
1733 3632 1771 3674 a
1795 3633 2006 3693 corpo-
2116 3616 2249 3676 hacc
2292 3617 2411 3676 sola
2434 3617 2598 3677 verba
2622 3663 2638 3685 ,
2683 3614 2894 3677 Omnis
2926 3615 3121 3675 honor
3148 3660 3164 3688 ,
3197 3622 3257 3675 et
3302 3612 3493 3695 gloria
3517 3659 3534 3686 ,
3567 3632 3665 3672 nec

456 3724 546 3767 re.
589 3704 879 3767 Videatur
909 3704 968 3763 S.
1004 3706 1221 3768 Doctor
1254 3711 1312 3766 2.
1352 3726 1481 3787 par.
1514 3726 1620 3788 qu.
1659 3713 1757 3768 83.
1796 3715 1912 3768 art.
1947 3712 2004 3768 5.

462 3798 541 3860 ad
571 3804 628 3859 3.
663 3798 769 3859 ubi
800 3798 983 3859 etiam
1015 3799 1245 3870 scribit,
1281 3790 1679 3863 breviter'dici
1712 3821 1903 3882 posse,
1927 3808 2013 3863 tot

465 3891 677 3952 Crucis
709 3891 879 3973 signa
907 3894 1238 3967 ostendere,
1270 3895 1624 3957 sacramenti
1645 3895 1828 3978 hujus
1856 3895 2012 3956 Cou-

463 3986 876 4057 secrationem,
910 3985 1093 4068 hujus
1121 3984 1396 4049 sacrificii
1430 3990 1892 4070 acceptationem
1910 4035 1928 4064 ,
1953 3997 2015 4052 et

466 4080 597 4161 ejus
639 4078 898 4139 fructum
933 4100 968 4140 e
1001 4081 1224 4142 virtute
1250 4081 1456 4143 Crucis
1490 4083 1710 4146 Christi
1743 4104 2008 4146 manare.

465 4172 804 4234 videantur
834 4173 1017 4235 etiam
1061 4175 1135 4234 D.
1189 4177 1609 4240 Bonaventura
1656 4178 1731 4240 de
1757 4178 2008 4258 exposit.

470 4266 689 4329 Missae
741 4267 851 4328 loc.
900 4267 1000 4328 cit.
1067 4269 1397 4329 Merbesius
1454 4276 1510 4331 3.
1563 4291 1692 4352 par.
1748 4290 2017 4348 summae

469 4359 847 4423 Christianae
889 4380 994 4441 qu.
1035 4365 1131 4421 51.
1186 4362 1555 4441 quaestiunc.
1584 4370 1642 4424 8.
1688 4385 1823 4426 cum
1865 4365 2015 4427 dua-

471 4453 585 4515 bus
635 4474 881 4535 sequen.
911 4461 971 4515 et
990 4454 1218 4516 Natalis
1245 4455 1536 4516 Alexand.
1580 4456 1688 4517 lib.
1728 4463 1785 4518 2.
1822 4457 2017 4519 Τ1ι60-

470 4546 590 4630 log.
627 4550 901 4631 Dogmat.
947 4557 1007 4609 61
1047 4548 1296 4611 Moralis
1337 4549 1411 4611 de
1453 4550 1714 4612 Sacram.
1752 4551 2012 4612 Euchar.

469 4660 598 4723 cap.
666 4648 725 4703 7.
786 4650 900 4704 art.
960 4638 1018 4704 6.
1075 4642 1339 4726 §.Tres
1393 4641 1629 4705 Cruces.
1689 4646 1775 4706 De
1828 4646 2022 4707 trihus

473 4734 678 4799 Crucis
720 4737 906 4819 signis
948 4758 1085 4799 cum
1117 4738 1336 4799 dicitur
1361 4784 1378 4812 ,
1404 4759 1508 4819 per
1535 4742 1718 4820 ipsum
1741 4787 1757 4811 ‚
1793 4750 1844 4800 ct
1895 4761 2022 4800 cum

473 4833 595 4913 ipso
621 4880 636 4903 ,
675 4843 725 4892 et
756 4835 958 4912 inipso
983 4880 998 4903 ,
1033 4833 1300 4893 Meratus
1330 4842 1468 4893 tom.
1503 4838 1557 4895 1.
1592 4842 1747 4914 part.
1792 4838 1844 4894 t'.
1882 4853 2015 4916 pag.

476 4930 614 4986 571.
651 4925 737 4987 ait
759 4925 978 4987 idcirco
1004 4926 1140 4987 duci
1173 4945 1354 5007 supra
1376 4926 1661 5006 Calicem,
1691 4926 1836 5007 quia
1857 4926 2026 4988 Chri-

2109 3710 2277 3790 prias
2302 3757 2317 3780 ,
2351 3711 2739 3770 ostendebatur
2785 3708 3003 3789 Corpus
3050 3708 3270 3769 Christi
3323 3709 3497 3768 simul
3542 3727 3672 3768 cum

2124 3800 2316 3863 Calicc
2342 3801 2561 3882 Populo
2586 3806 2977 3863 circumstanti
2997 3804 3073 3862 ad
3112 3804 3515 3863 adorationem.
3555 3798 3672 3861 Ca·-

2121 3898 2278 3957 licem
2306 3917 2433 3976 erqo
2466 3898 2639 3956 simul
2668 3917 2794 3956 cam
2818 3895 3027 3958 Hostia
3056 3896 3327 3958 Sacerdos
3353 3896 3675 3956 sublevabat

2118 3990 2183 4049 in
2201 3990 2406 4061 altum,
2430 3999 2493 4049 at
2526 3987 2782 4069 Populus
2801 3990 3007 4050 videret
3030 4001 3082 4050 ct
3100 3990 3382 4050 adoraret.
3421 3988 3529 4048 Ea:
3558 4007 3670 4065 quo

2120 4093 2455 4144 antemissas
2476 4085 2722 4144 invaluit
2747 4084 2999 4144 elevandi
3014 4082 3278 4163 Corporis
3310 4080 3529 4143 Christi
3555 4128 3572 4151 ‚
3603 4100 3671 4141 ac

2119 4176 2314 4237 deinde
2346 4174 2558 4238 Calicis
2581 4178 2776 4237 statim
2796 4187 2919 4256 post
2953 4187 3242 4257 peractam
3284 4173 3668 4235 Consecratio-

2121 4291 2248 4331 nem
2269 4319 2285 4342 ‚
2316 4273 2502 4331 minus
2521 4273 2784 4331 solemnis
2820 4272 2951 4332 hacc
2973 4271 3158 4331 altera
3196 4268 3409 4330 Calicis
3444 4278 3495 4329 ct
3527 4265 3671 4328 Cor-

2117 4368 2273 4445 poris
2302 4367 2531 4426 clevatio
2561 4367 2838 4445 plerisque
2871 4367 2935 4424 in
2964 4364 3233 4424 Ecclcsiis
3260 4364 3405 4442 fait,-
3436 4382 3533 4422 nec
3543 4361 3673 4439 jam

2125 4458 2397 4519 Sacerdos
2430 4462 2509 4519 sic
2529 4460 2704 4520 elevat
2730 4458 2999 4527 Calicem,
3032 4468 3095 4517 ut
3115 4478 3153 4518 a
3189 4456 3408 4537 Populo
3432 4458 3676 4517 circam-

2124 4553 2306 4613 stante
2349 4553 2529 4613 videri
2554 4554 2748 4633 possit.
2802 4554 2893 4615 Ita
2921 4553 3146 4634 Pouget
3186 4558 3328 4612 tom.
3367 4555 3425 4625 2.
3468 4548 3666 4612 lustit.

2124 4645 2481 4708 Catholicar.
2526 4666 2662 4728 pag.
2712 4652 2849 4726 869.
2905 4646 3012 4727 qui
3063 4645 3230 4708 addit
3262 4645 3327 4705 in
3374 4664 3445 4707 ea
3484 4644 3672 4706 verba

2125 4740 2426 4802 Canonem
2459 4735 2732 4802 desinere
2756 4786 2774 4813 ,
2805 4739 2920 4801 Per
2945 4742 3137 4801 omnia
3161 4741 3386 4801 saccula
3421 4740 3670 4800 sacculo-

2126 4856 2258 4896 rum
2287 4883 2302 4906 ,
2339 4855 2496 4916 quae
2517 4834 2800 4897 Sacerdos
2824 4835 2985 4917 {dicit
3009 4835 3181 4917 elata⁴
3198 4823 3350 4894 *voce
3381 4832 3682 4913 Populum

2130 4928 2393 4990 invitans
2415 4930 2743 4991 adstantem
2760 4976 2777 5002 ‚
2814 4930 2984 5011 cujus
3006 4928 3248 4990 nomine
3271 4926 3514 4990 recitata
3536 4934 3679 4988 sunt

475 5027 603 5080 stus
630 5020 801 5080 Joeus
827 5038 1034 5099 passus
1060 5027 1148 5080 est
1181 5019 1245 5080 in
1275 5039 1523 5100 corpore
1543 5066 1560 5094 ,
1591 5020 1655 5081 in
1691 5022 1894 5084 anima
1919 5067 1936 5095 ,
1967 5028 2028 5084 et
2131 5023 2546 5104 praecedentia
2587 5022 2847 5085 Canonis
2874 5022 3059 5085 verba
3086 5068 3102 5096 ,
3141 5029 3210 5082 ut
3236 5040 3525 5082 consensu
3567 5038 3678 5079 suo

482 5111 545 5172 in
578 5111 827 5186 honore,
850 5114 1027 5195 juxta
1054 5114 1126 5173 D.
1152 5113 1416 5175 Thomae
1449 5114 1781 5177 doctrinam
1811 5121 1866 5176 3.·
1893 5136 2022 5196 par.

2132 5115 2446 5179 confirmet
2472 5162 2489 5190 ,
2522 5137 2678 5197 quae
2711 5117 2985 5178 omnium
3034 5115 3278 5177 nomine
3326 5112 3613 5175 Sacerdos
3638 5131 3676 5173 a

481 5223 544 5286 q.
580 5210 677 5266 46.
714 5213 828 5268 art.
862 5214 919 5268 5.
958 5207 1166 5269 Passus
1199 5219 1277 5268 est
1312 5210 1376 5268 in
1402 5229 1625 5289 corporo
1648 5229 1752 5290 per
1789 5212 2032 5272 'vulnera
2135 5212 2261 5272 Deo
2280 5209 2646 5291 postulavit3
2678 5211 2785 5291 qui
2816 5229 3136 5273 consensus
3161 5229 3200 5272 a
3232 5207 3462 5289 Populo
3501 5204 3675 5268 exhi-

481 5310 534 5360 οι
554 5302 783 5380 flayclla
809 5348 825 5370 ,
858 5321 1056 5381 passas
1101 5312 1179 5361 cst
1225 5304 1288 5360 in
1320 5305 1516 5363 anima
1549 5307 1652 5382 Per
1685 5304 1980 5365 tristitiam
2010 5351 2028 5375 ‚

486 5395 765 5464 taedium,
800 5405 850 5454 et
887 5396 1137 5455 timorem
1165 5443 1179 5464 ‚
1210 5413 1406 5474 passus
1425 5405 1501 5455 cst
1526 5398 1590 5454 in
1620 5397 1820 5456 honore
1849 5399 2034 5477 61910-

482 5489 578 5547 re'a
601 5507 703 5568 per
729 5489 1014 5550 irrisiones
1048 5500 1100 5550 ct
1125 5491 1486 5551 contumelias
1519 5491 1571 5549 ci
1605 5492 1818 5551 illatas.
1856 5489 2033 5563 Quo-J

2136 5306 2313 5368 betur
2343 5324 2486 5367 voce
2508 5305 2706 5365 Amen.

3720 2118 3787 2144 em
3853 2106 3992 2146 statim

3701 2170 3792 2219 post
3838 2165 3996 2205 Qus·-

3701 2220 3937 2262 musonem.
