4487 6316
169 4549 239 4591 An
260 4545 467 4612 ministra·

166 4620 204 4648 r·
245 4611 370 4660 *mss-t
421 4617 461 4668 'f'

166 4665 300 4727 Missa
331 4668 461 4726 noeti·

168 4722 409 4761 Butuntum

166 4780 324 4818 numm

163 4834 372 4877 charistia·

329 4778 341 4816 i
375 4777 464 4817 Bu-

1830 509 1951 561 mn.
2001 507 2103 561 111:
2132 504 2273 556 mr.
2313 507 2498 561 xvm.

3482 513 3590 561 ‘215

543 640 730 701 cordos
758 645 836 705 ad
858 642 1062 706 Altare
1089 647 1373 709 celebrem
1401 650 1465 708 in
1489 647 1677 710 Missa
1705 653 1959 730 privata,
1992 651 2101 713 ubi
2153 645 2163 748 Ι
2215 670 2406 714 conus
2424 654 2485 714 ‘et
2512 653 2948 725 subdiaconus,
2987 657 3090 718 sed
3118 654 3303 718 etiam
3327 676 3536 719 omnes
3566 658 3758 720 Cano-

545 737 763 807 Casum
790 733 953 801 hunc
983 743 1306 822 proponit:
1358 743 1455 803 An
1479 743 1699 806 Futcles
1721 758 1929 824 queant
1952 767 2104 807 com-
2213 745 2359 819 nici‚
2391 755 2453 808 et
2477 747 2822 812 Beneficiati
2840 795 2857 822 ,
2885 750 3191 829 ceterique
3232 770 3442 811 omnes
3459 771 3502 812 e
3531 752 3725 815 Clero
3742 799 3757 823 ‚

522 832 826 893 'monnicam'
851 835 934 911 [in
967 836 1166 897 Missis
1211 838 1652 911 Defunctornm:
1697 849 1757 900 et
1784 840 2102 921 respondet
2211 840 2316 919 qui
2342 860 2464 902 non
2490 842 3022 923 sunthacerdotes.
3055 845 3171 906 Sed
3193 846 3525 924 parendum
3543 855 3631 911 est
3652 848 3769 909 Sa-.

496 925 508 1005 ξ
539 947 615 987 ex
638 929 815 990 modo
838 929 1038 991 allatis
1051 932 1388 994 rationibus
1409 925 1795 1011 affirmando,
1827 937 2101 999 dummo-
2210 952 2347 995 crae
2374 933 2625 997 Rituum
2653 937 3146 1019 Congregationis
3166 940 3454 1019 Decretis,
3483 960 3641 1021 quae
3665 961 3760 1003 ve-

538 1021 618 1082 do
632 1030 829 1084 tamen
870 1025 947 1086 iis
974 1025 1339 1090 exhibeatur
1353 1029 1755 1104 Eucharistia‚
1777 1044 1935 1111 qnae
1954 1050 2098 1092 con-

534 1128 762 1180 secrata
804 1120 978 1181 sitin
1012 1122 1203 1185 Missa
1247 1126 1751 1202 quam'Sacerdos
1797 1126 2093 1200 celebrat,

540 1229 662 1271 non
681 1230 843 1292 quae
867 1214 945 1275 ab
962 1213 1083 1275 alio
1103 1216 1421 1279 Sacerdote
1431 1228 1771 1281 consecrata
1794 1220 1870 1281 sit
1895 1220 1956 1280 in
1973 1220 2096 1283 alia

537 1306 744 1379 Missa,
770 1309 910 1369 etin
941 1309 1385 1384 Tabernaculo‚
1416 1332 1518 1374 seu
1551 1310 1613 1374 in
1640 1315 1869 1396 pyxide
1892 1335 2096 1377 recon-

531 1398 694 1473 dita:
725 1412 867 1465 tunc
904 1401 1093 1481 enim}
1116 1407 1403 1486 supponit
1441 1409 1898 1470 communicatis
1938 1409 2089 1472 dan-

536 1498 676 1559 dam
705 1518 831 1561 esse
856 1500 1359 1574 benedictionem,
1393 1518 1551 1584 quae
1573 1504 1720 1566 dari‘
1742 1522 1861 1566 non
1900 1516 2092 1588 potest

532 1592 595 1652 in
620 1592 812 1676 nigris
838 1594 1231 1666 indumentis,
1261 1598 1395 1659 etin
1412 1598 1610 1660 Missis
1630 1600 2083 1663 Defunctorum.

534 1686 703 1748 Alter
746 1699 833 1750 est
863 1691 1134 1753 Meratus
1159 1693 1221 1752 in
1254 1694 1495 1775 egregio
1525 1696 1722 1775 Opere
1746 1694 1829 1758 ad
1847 1697 2089 1759 Gavan-

531 1783 822 1864 tum‘par.
865 1789 921 1846 1.
978 1795 1122 1848 tom.
1176 1794 1231 1849 1.
1278 1808 1418 1870 pag.
1455 1795 1593 1851 602.
1625 1800 1684 1852 et
1721 1810 1844 1872 seq.
1881 1794 1988 1854 ubi
2012 1810 2088 1855 ex

524 1878 737 1940 iisdem
782 1880 1047 1962 aliisque
1076 1884 1419 1945 rationibus
1438 1886 1917 1960 demonstr-auin
1942 1889 2088 1957 Mis·-

522 1993 588 2036 sa
619 1974 1069 2037 Defunctorum
1103 1993 1271 2059 posse
1298 1996 1531 2042 sacram
1562 1976 1938 2045 adstantibus
1963 1986 2089 2045 Eu·-

520 2069 869 2133 charistiam
894 2066 1202 2145 distribui,
1236 2066 1598 2156 nullumque
1622 2079 1941 2140 Decretum
1963 2099 2089 2143 esse

522 2162 740 2228 Sacrae
772 2166 1030 2239 Rituum
1062 2168 1579 2251 Congregationis,
1615 2175 1785 2255 cujus
1810 2174 2090 2238 habenda

519 2262 676 2325 ratio
709 2261 828 2322 sit.
880 2262 1167 2324 Declarat
1198 2270 1410 2325 *tamen
1463 2285 1525 2326 se
1548 2266 1779 2328 nescire
1802 2314 1818 2339 ‚
1865 2262 2084 2329 cur‘in

521 2357 1188 2420 MissaDefunctorum
1242 2359 1523 2422 distribui
1577 2362 1761 2442 possit
1793 2363 2085 2426 adstanti-

521 2453 637 2514 bus
680 2452 1069 2518 Eucharistia'
1088 2502 1104 2528 ‚
1156 2475 1313 2535 quae
1344 2456 1405 2516 in
1428 2457 1636 2518 eadem
1664 2458 1845 2520 Missa
1876 2477 2083 2520 conse-

519 2557 682 2608 crata
707 2547 806 2619 sit,
842 2567 962 2609 non
995 2557 1195 2610 tamon
1224 2569 1383 2630 quae
1409 2551 1471 2611 in
1498 2551 1618 2613 alia
1648 2552 1828 2615 Missa
1850 2553 1928 2614 ab
1959 2554 2082 2615 alio

520 2641 843 2704 Sacerdote
869 2652 1210 2706 consecrata
1255 2645 1373 2718 sit,
1430 2653 1487 2707 et
1521 2646 1583 2706 in
1622 2647 2076 2721 Tabernacnlo,

516 2737 644 2798 sive
673 2738 735 2798 in
759 2737 992 2820 Pyxide
1013 2738 1316 2801 recondita
1338 2762 1354 2813 3
1384 2740 1542 2801 inter
1564 2748 1894 2821 utrumque
1912 2742 2076 2804 enim

517 2853 724 2895 casum
773 2833 1007 2895 nullam
1065 2853 1191 2896 esse
1229 2834 1641 2916 disparitatem
1660 2882 1676 2910 ,
1735 2856 2077 2918 novamque

511 2929 764 2990 omnino
789 2949 915 2990 esse
937 2924 1227 3011 ejusmodi
1260 2930 1712 2992 distinctionem·
1732 2931 1903 2993 nullo
1934 2932 2075 2994 fun-

510 3023 795 3105 damento
817 3023 1125 3086 suffultam
1151 3069 1163 3084 .
1205 3025 1500 3087 Videatur
1522 3025 1680 3086 idem
1710 3029 1941 3088 Auctor
1958 3027 2071 3089 loc.

507 3114 608 3201 cit.
655 3138 793 3180 cum
817 3137 942 3199 quo
969 3116 1449 3181 concludendum
1476 3127 1584 3194 est,
1631 3121 1885 3201 possein
1919 3121 2065 3184 Mis-

508 3213 590 3273 sis
618 3212 1054 3275 Defunctorum
1087 3215 1554 3288 Eucharistiam‚
1587 3216 1713 3277 sive
1743 3216 1805 3276 in
1836 3217 2067 3293 eadem,

509 3307 638 3368 sive
679 3307 741 3368 in
782 3297 917 3369 alia
939 3308 1120 3369 Missa
1143 3317 1548 3370 consecratam
1569 3308 1874 3384 distribui,
1899 3311 2073 3371 dum·-

2210 1034 2374 1100 tant,
2406 1047 2483 1088 ne
2509 1048 2581 1090 ea
2617 1030 2973 1093 nocte-aliae
3000 1032 3155 1094 duae
3197 1032 3414 1095 Missae
3449 1034 3756 1095 celebren-

2206 1128 2308 1181 tur
2325 1166 2341 1192 ,
2377 1142 2573 1201 neque
2600 1124 2978 1187 adstantibus
3007 1126 3320 1199 Eucharist
3332 1128 3388 1193 ia
3416 1127 3751 1201 tribuatur,

2205 1224 2450 1295 propter
2484 1218 2695 1298 gravia
2726 1219 3050 1299 quae-inde
3087 1220 3441 1284 oriebantur
3469 1222 3754 1286 absurda.

2204 1310 2359 1369 Vide
2389 1311 2750 1374 Clericatum
2775 1314 2953 1374 decis.
2995 1320 3088 1377 13.
3122 1335 3242 1379 cas.
3297 1321 3352 1377 1.
3385 1318 3462 1378 de
3486 1318 3764 1383 Sacram.

2204 1403 2481 1467 Euchar..
2507 1406 2748 1471 Decreta
2780 1415 2979 1468 autem
3005 1417 3147 1469 sunt
3173 1430 3187 1469 ε
3209 1408 3357 1470 Cum
3376 1415 3755 1491 superioribus

2201 1498 2392 1557 diebus
2418 1503 2797 1564 consaltahac
2819 1502 2887 1562 S.
2920 1504 3648 1584 Ritnnm.Con9rcqatione‚
3677 1530 3756 1570 an

2201 1604 2334 1652 est-:et
2363 1598 2794 1672 permittendum
2831 1600 3105 1660 celebrare
3134 1601 3199 1661 in
3222 1603 3407 1662 media
3441 1613 3594 1675 nocte
3623 1600 3753 1664 Na·

2201 1692 2440 1751 tie-itatis
2465 1691 2699 1752 Domini
2733 1706 2851 1771 poet
2887 1694 3132 1755 Missam
3162 1696 3515 1765 decantatam
3535 1719 3753 1761 sncces-

2198 1788 2313 1845 sice
2343 1789 2496 1847 alias
2525 1787 2671 1848 dnos
2699 1787 2958 1858 Missae,-
2977 1800 3027 1849 et
3056 1792 3113 1848 in
3148 1792 3224 1850 cis
3246 1811 3467 1853 sacram
3497 1792 3757 1859 Cmnma-

2197 1882 2421 1941 nionem
2472 1883 2730 1963 exhibere
2768 1870 3053 1951 Fidelibne
3095 1887 3263 1946 illam
3286 1870 3703 1966 ‘deposcentibus
3731 1938 3747 1960 ,

2197 1977 2481 2055 reepmdit
2520 1996 2635 2037 non
2674 1997 2782 2043 esse
2821 1981 3259 2058 permittendum
3284 2024 3302 2052 ‚
3349 1981 3445 2040 sed
3494 1984 3750 2053 omnibu-s

2197 2080 2504 2148 utrumqne
2554 2072 2989 2151 prohibendum.
3046 2072 3440 2147 Nihilominus
3485 2080 3753 2141 nonnulli

2197 2162 2502 2240 Reqnlares
2531 2176 2831 2226 mentes
2858 2167 2957 2227 hoc
2990 2169 3151 2228 licere
3171 2215 3185 2237 ,
3223 2171 3619 2247 supplicarunt
3638 2192 3748 2232 aa·

2196 2258 2320 2318 diri
2342 2307 2356 2328 ‚
2391 2270 2442 2319 et
2488 2258 2802 2333 Sacrorum
2847 2261 3088 2323 Ritnnm
3147 2261 3519 2341 Conqreqatio
3569 2267 3750 2343 ipsine

2191 2354 2408 2414 auditis
2426 2374 2554 2413 cnm
2580 2353 3053 2416 Pnocnratom'bns
3080 2367 3129 2414 et
3151 2357 3472 2431 Advocatis,
3497 2359 3572 2421 ad
3592 2361 3745 2420 rela-

2196 2450 2402 2508 tionem
2437 2448 2892 2510 Eminenti'ssimi
2910 2449 3158 2510 Pultoni
3195 2453 3348 2511 stetit
3376 2454 3438 2511 in
3470 2453 3699 2514 decretis
3723 2502 3739 2525 ,

2192 2553 2241 2602 et
2267 2543 2551 2623 respondit
2597 2547 2804 2609 iterum
2829 2546 3238 2624 prohibendam
3268 2557 3386 2608 tam
3415 2545 3742 2608 Sacerdoti-

2189 2636 2291 2696 bus
2328 2638 2601 2698 celebrare
2629 2639 2937 2698 volentibus
2963 2685 2978 2708 ,
3025 2658 3200 2717 qnam
3243 2638 3648 2720 confluentibus
3677 2645 3741 2702 in

2187 2731 2376 2791 media
2392 2741 2554 2791 nocte
2570 2732 2645 2791 ad
2684 2732 2998 2794 Ecclesiam
3025 2744 3124 2803 ‚tet
3160 2732 3617 2809 Communionem
3645 2738 3740 2797 de-

2148 2862 2155 2870 ·
2184 2830 2560 2907 poscentibus.
2594 2826 2688 2888 Ita
2728 2828 2964 2898 decrevit
2987 2838 3038 2887 et
3064 2831 3282 2888 servari
3311 2830 3602 2890 mandavit
3641 2833 3739 2905 ,die

2184 2929 2245 2984 7.
2271 2922 2585 2983 Decembris
2626 2942 2765 2983 ann.
2798 2926 2970 2982 1641.
2997 2922 3127 2983 Hoc
3154 2922 3455 2995 decretum
3479 2923 3735 2987 relatum

2184 3016 2367 3078 estin
2399 3016 2596 3078 indice
2625 3018 3012 3078 Decretorum
3039 3036 3206 3089 num.
3238 3022 3375 3078 282.
3422 3019 3579 3100 typis
3609 3020 3737 3079 edi-

2186 3121 2246 3172 to
2293 3119 2426 3191 post
2458 3130 2602 3192 par.
2652 3116 2710 3171 2.
2758 3119 2916 3173 tom.·
2934 3110 3150 3192 Operis
3178 3112 3244 3194 P.
3281 3112 3522 3186 Memfi,
3554 3102 3732 3193 quem

2184 3205 2450 3266 Iudicem
2478 3204 2655 3266 valde
2682 3199 3030 3266 accuratum
3078 3205 3464 3266 concinnavit
3509 3208 3733 3268 Auctor

2182 3297 2476 3359 adhibitis
2499 3298 2766 3378 Regestis
2790 3298 3007 3360 Sacrae
3026 3298 3276 3360 Rituum
3308 3299 3733 3382 Congregatio-

510 3401 693 3463 modo
712 3395 775 3462 id
821 3423 929 3463 nec
980 3402 1086 3463 fiat
1114 3412 1289 3474 ante,
1320 3403 1414 3464 vel
1468 3412 1600 3483 post
1628 3404 1908 3476 Missam,
1966 3406 2069 3467 ‘sed
2179 3394 2308 3454 nis.
2367 3393 2528 3454 Idem
2572 3394 2839 3455 Meratus
2895 3392 3006 3454 loc.
3052 3392 3153 3453 cit.
3195 3413 3330 3475 pag.
3374 3400 3512 3455 853.
3552 3415 3722 3456 num.

508 3494 670 3557 intra
719 3483 973 3558 eandem
1024 3487 1269 3568 Missam
1311 3503 1445 3577 post
1501 3496 1688 3577 ipsius
1734 3497 2069 3560 Sacerdotis

506 3588 1009 3650 Communionem
1036 3610 1052 3663 ς
1084 3588 1439 3669 praescribit
1462 3590 1642 3666 ¹enim
1680 3589 1920 3653 Rituale
1947 3592 2067 3653 Ro-

510 3685 783 3756 manum,
819 3691 886 3744 ut
913 3691 1084 3747 extra
1110 3682 1354 3745 Missam
1384 3683 1760 3747 ministretur
1775 3685 2070 3747 Euchari-

502 3776 617 3838 stia
646 3776 1234 3857 cum'superpelliceo
1263 3787 1323 3838 et
1344 3777 1495 3838 stola
1523 3777 1760 3851 coloris,
1793 3778 1898 3858 qui
1922 3777 2065 3839 offi-

503 3871 598 3932 cio
620 3873 749 3952 ejus
769 3871 886 3931 diei
912 3871 1214 3944 convenit,
1252 3871 1344 3932 vel
1364 3871 1746 3946 coloris'albi,
1782 3881 1851 3933 ut
1869 3873 2059 3954 aliqui

507 3974 771 4038 censent,
807 3965 910 4045 qui
936 3965 1100 4026 color
1120 3967 1401 4027 convenit
1429 3967 2059 4031 SacramentoEncha-

506 4060 730 4121 ristiae.
778 4049 941 4120 'Cam
986 4063 1319 4139 requiratur
1355 4059 1527 4140 (sunt
1574 4062 1760 4123 verba
1814 4063 2057 4144 Merati)

500 4173 713 4242 semper
755 4155 855 4231 'vel
886 4154 1038 4213 color
1087 4155 1409 4213 conveniens
1452 4155 1601 4226 diei,
1635 4165 1701 4214 nt
1725 4159 2060 4234 praescribit

501 4247 738 4308 Rineale
771 4248 1121 4317 Romanum,
1174 4248 1263 4307 cel
1279 4249 1431 4308 color
1471 4250 1635 4309 albas
1664 4251 1825 4310 valde
1866 4271 2058 4312 conre-

505 4346 663 4401 nicns
684 4341 1055 4402 Sacramenta
1086 4340 1490 4403 Eucharistiae
1518 4391 1534 4413 ,
1567 4353 1634 4402 nt
1652 4346 1827 4404 mnlti
1843 4358 2060 4406 censent

507 4436 767 4496 Doctores
795 4481 809 4496 .
1218 4453 1226 4462 ⁴
1358 4445 1365 4452 '
1768 4455 1781 4466 ·‘

631 4535 724 4590 13.
752 4527 1192 4590 Tractationem
1218 4528 1379 4591 hanc
1426 4530 1501 4591 de
1527 4529 1904 4593 Eucharistia
1948 4533 2055 4594 ad-

507 4622 905 4684 ministranda
934 4623 1318 4683 absolvamus
1369 4624 1605 4685 dnobus
1655 4626 2057 4704 proponendis

509 4717 795 4797 quaesitis
823 4762 837 4776 .
890 4716 1164 4777 Primum
1187 4727 1297 4791 est,
1328 4737 1405 4779 an
1432 4718 1843 4780 administrari
1875 4721 2058 4799 possit

507 4811 567 4870 i'n
606 4811 786 4872 Missa
809 4857 824 4882 ,
878 4812 1414 4890 quae‘celebratur
1464 4818 1607 4891 post,
1645 4812 1901 4874 mediam
1944 4827 2071 4874 no-·'

501 4913 653 4967 ctem
678 4905 1025 4967 Nativitatis
1053 4906 1321 4979 Domini,
1349 4926 1426 4968 an
1460 4907 1635 4968 Feria
1664 4915 1829 4967 sexta
1853 4906 1916 4968 in
1948 4908 2056 4969 Pa-

502 5018 772 5070 rasceve,
812 5018 888 5060 an
919 4999 1169 5060 sabbato
1203 5000 1449 5061 Sancto.
1491 4999 1762 5061 Alterum
1791 5007 1880 5060 est
1902 5046 1918 5074 ,
1971 5019 2049 5061 an

500 5091 912 5154 administrari
959 5092 1148 5173 possit
1187 5092 1249 5153 in
1308 5079 1685 5173 privatorum
1730 5092 2067 5154 domorum

501 5186 798 5268 oratoriis
816 5232 831 5246 .
862 5188 931 5247 In
957 5188 1209 5249 Basilica
1237 5188 1551 5260 Vaticana,
1580 5187 1643 5246 in
1667 5188 1838 5268 cujus
1855 5187 2050 5249 Cano-

500 5279 775 5340 nicorum
808 5299 1060 5340 numero
1088 5280 1292 5361 plures
1333 5298 1523 5342 annos
1551 5280 1778 5341 finimus
1800 5326 1816 5353 ,
1855 5300 1890 5340 e
1919 5300 2048 5343 ma-

501 5366 683 5433 nibus
711 5373 1059 5462 Sacerdotis
1082 5374 1452 5436 celebrantis
1487 5384 1658 5436 nocte
1704 5374 2051 5436 Nativitatis

502 5466 744 5528 Domini
777 5468 1071 5548 recipiunt
1103 5468 1544 5530 Eucharistiam
1568 5488 1687 5531 non
1710 5469 1884 5531 modo
1910 5467 2047 5532 Dia-

2181 3492 2276 3548 ¹3.
2309 3487 2590 3567 pluribus
2615 3487 2754 3549 aliis
2780 3487 3240 3550 auctoritatibus
3259 3496 3319 3550 et
3345 3489 3618 3556 Decretis,
3637 3489 3728 3551 al-

2178 3582 2315 3644 latis
2342 3583 2403 3643 id
2431 3582 2625 3662 ipsum
2654 3581 2908 3661 probat.

2259 3681 2390 3738 ,ss.
2442 3677 2618 3739 Feria
2667 3685 2838 3739 oexta
2865 3677 2930 3738 in
2983 3678 3309 3741 Parasceve
3344 3699 3422 3741 ne
3447 3680 3733 3761 cuiquam
3799 3732 3805 3740 .

2173 3772 2435 3852 exceptis
2466 3771 2727 3832 infirmis
2747 3817 2764 3846 ‚
2805 3771 3186 3838 Eucharistia
3215 3774 3543 3844 tribuatur,
3575 3774 3727 3837 veti-

2172 3875 2298 3927 tum
2321 3875 2410 3926 est
2430 3867 2680 3928 Decreta
2707 3867 3445 3950 Sacraossongregationis
3473 3870 3725 3931 Rituum

2169 3961 2270 4024 die
2308 3966 2400 4022 19.
2435 3960 2753 4023 Februarii
2781 3966 2954 4023 1622.
2986 3964 3378 4044 quodtamen
3404 3966 3723 4026 Decretum
3764 3972 3815 4000 ⁸¹¹

2169 4056 2231 4116 in
2266 4056 2530 4137 Regestis
2549 4075 2670 4130 non
2704 4057 2955 4137 reperiri
2987 4065 3233 4121 testatur
3256 4059 3412 4121 idem
3457 4061 3723 4121 Meratus

2169 4148 2284 4211 loc.
2313 4150 2414 4228 cit.
2444 4169 2579 4230 pag.
2609 4155 2782 4211 1122.
2811 4157 3105 4222 num.,78.
3129 4152 3374 4214 Certum
3389 4162 3586 4214 tamen
3604 4163 3715 4225 est,

2170 4263 2290 4304 non
2321 4244 2436 4305 nisi
2466 4244 2726 4305 infirmis
2751 4264 2823 4306 eo
2867 4245 2966 4307 die
2991 4246 3375 4308 tribuendam
3427 4246 3721 4308 Euchari-

2167 4338 2367 4412 stiam,
2397 4339 2628 4400 etiamsi
2660 4340 2724 4400 in
2759 4340 2935 4400 illum
2962 4339 3124 4401 diem
3147 4342 3386 4402 caderet
3407 4341 3727 4403 festivitas

2167 4433 2673 4497 Annunciationis
2701 4436 2768 4494 B.
2807 4435 3103 4515 Virginis,
3138 4442 3208 4497 ut
3229 4435 3341 4496 loc.
3380 4436 3480 4496 cit.
3512 4436 3718 4497 obser-

2169 4527 2458 4589 vat'idem
2489 4530 2731 4590 Auctor.
2771 4528 3019 4591 Celebre
3045 4536 3257 4590 tamen
3273 4538 3363 4590 est
3394 4531 3713 4592 Decretum

2166 4622 2660 4704 Congregationis
2677 4622 2927 4683 Concilii
2957 4623 3036 4684 de
3051 4623 3404 4703 quotidiana
3432 4623 3715 4686 Commu-

2164 4715 2348 4778 nione
2402 4717 2620 4796 passim
2667 4717 2829 4778 edito
2870 4717 2933 4777 in
2983 4717 3262 4798 pluribus
3292 4715 3499 4792 libris,
3550 4721 3730 4798 quod·

2166 4811 2472 4872 emanavit
2496 4811 2594 4871 die
2626 4815 2717 4870 12.
2753 4812 3070 4873 Februarii
3108 4817 3279 4875 1679.
3307 4832 3430 4892 quo
3462 4814 3711 4875 manda-

2167 4911 2266 4966 tur
2289 4904 2661 4978 Ordinariis,
2698 4917 2988 4984 nt‘cnrent
3009 4955 3023 4976 ,
3069 4919 3134 4967 nt
3159 4909 3314 4969 circa
3348 4906 3720 4968 Communia-—

2161 5002 2364 5059 nemin
2381 4999 2549 5059 Γαΐα
2587 4999 2682 5058 Vl.
2706 5003 2770 5059 in
2793 5001 3100 5074 Paraeceve
3123 5002 3384 5064 Missalis
3409 5004 3709 5074 Rubricae,

2138 5103 2212 5153 'et
2234 5092 2530 5153 Ecclesiae·
2554 5093 2839 5156 Romanae
2866 5117 3002 5155 nens
3026 5108 3307 5158 serretur.
3360 5097 3538 5172 Quod
3553 5097 3704 5177 qui-

2160 5189 2296 5249 dem
2323 5186 2566 5248 abunde
2592 5190 2808 5268 probat
2831 5190 3199 5269 prohibitam
3219 5211 3292 5253 eo
3311 5192 3408 5253 die
3430 5191 3708 5253 Commu-

2161 5280 2402 5341 nionem
2430 5324 2445 5350 ,
2490 5288 2621 5342 tum
2652 5281 2798 5360 quia
2841 5284 3384 5346 Rubrica'Missalis
3415 5285 3590 5366 jubet
3640 5284 3702 5344 in

2161 5375 2342 5437 Missa
2371 5373 2582 5436 Feriae
2619 5375 2869 5454 quintae
2895 5377 2959 5437 in
2990 5379 3188 5440 Coena
3235 5365 3476 5440 Domini
3521 5396 3707 5439 asser-

2161 5468 2290 5531 vari
2321 5468 2554 5548 aliquot
2579 5470 2903 5550 particulas
2923 5491 3033 5551 pro
3053 5470 3409 5545 infirmium·
3429 5471 3707 5551 aptissim—

3777 3673 3807 3714 Α
3815 3688 3840 3715 n
3851 3672 4063 3714 ministra·

3768 3731 3953 3830 :tr’tf‘
3974 3731 4061 3828 ξ’·

3769 3847 3826 3884 ria
3847 3801 3956 3889 uzi:
4015 3802 4059 3890 ieri

3769 3905 3988 3944 Parmos-e
4007 3934 4018 3956 ‚

3882 3962 4058 4005 snt-bato

3764 4018 3928 4060 Sancto.
