4487 6316
1696 503 1924 556 muttum
1960 499 2387 566 NOTABtLuJu

844 652 1196 706 Dominicum
1223 689 1234 702 .
1265 652 1553 704 Dominus.

547 829 889 886 Doniiuicnm
922 828 1052 877 olim
1083 827 1307 892 Templa
1336 811 1663 888 dicebantur,
1696 824 1732 873 Ι.
1774 824 1823 873 1.
1852 839 1896 872 c.
1931 822 1978 874 1.

437 935 488 967 n.
530 919 577 967 ὅ.
627 916 968 967 Dominicum
1005 913 1267 965 celebrare
1309 911 1449 963 idem
1490 920 1626 973 erat,
1665 929 1723 961 ac
1761 911 1978 961 Missam

437 1003 698 1055 celebrare
722 1040 737 1064 ,
765 1020 815 1052 n.
844 1001 893 1053 ’1.
1020 1061 1023 1064 ,

548 1089 866 1154 Dominicis,
895 1086 1118 1154 aliisque
1139 1083 1391 1136 omnibus
1420 1086 1589 1136 Festis
1616 1101 1677 1134 ex
1699 1090 1980 1151 praecepto

438 1194 652 1237 omnes,
681 1176 769 1243 qui
797 1192 971 1226 curam
1002 1172 1294 1222 animarum
1324 1169 1548 1233 babent,
1590 1178 1831 1221 tenentur
1857 1168 1985 1219 Mis·

439 1283 547 1315 sam
578 1281 675 1330 pro
702 1264 911 1330 Populo
940 1258 1204 1312 celebrare
1226 1295 1241 1322 ‚
1267 1268 1319 1311 et
1347 1259 1638 1326 applicare,
1667 1259 1811 1326 App.
1845 1255 1898 1309 ⁷.
1928 1270 1978 1306 a.

436 1353 483 1426 §⁸
522 1355 565 1402 1.
597 1351 673 1402 ad
699 1355 780 1401 10.
808 1351 872 1401 V.
902 1347 1222 1418 Λρρὶἰσαιίο

546 1443 659 1492 Vox
699 1439 960 1490 Dominus
990 1435 1206 1505 proprie
1233 1433 1344 1486 Deo
1386 1432 1681 1500 competit,
1709 1433 1745 1483 Ι.
1772 1431 1824 1482 2.
1854 1448 1900 1482 c.
1927 1430 1981 1482 7.

434 1546 484 1579 n.
515 1528 564 1578 3.
605 1526 841 1580 Domine
868 1543 975 1577 non
999 1541 1119 1576 sum
1146 1521 1339 1589 dignus
1358 1507 1469 1572 etc.
1510 1519 1667 1572 verba
1695 1529 1817 1571 sunt
1849 1519 1984 1572 Cen·

435 1615 683 1677 tutionis,
712 1614 859 1680 cujus
885 1610 1086 1662 mentio
1116 1609 1174 1659 stt
1201 1610 1254 1659 in
1280 1608 1587 1675 Evangelio,
1614 1624 1777 1675 eaque
1808 1607 1982 1658 Sacer-

436 1701 535 1751 dos
566 1710 681 1752 ante
709 1700 1144 1752 communionem
1175 1695 1306 1748 dicit
1327 1696 1380 1746 in
1411 1695 1617 1764 signum
1645 1694 1976 1759 humilitatis,

433 1805 478 1839 c.
505 1788 591 1840 21.
628 1806 679 1838 η.
715 1789 741 1838 1
1790 1833 1798 1841 ,

542 1874 814 1926 Dominus
839 1871 1119 1923 vobiscum
1148 1869 1254 1920 diri
1296 1876 1468 1936 potest
1494 1868 1941 1935 nullopraesente
1962 1901 1978 1930 ,

434 1975 487 2016 rt
512 1983 697 2034 quare,
741 1964 780 2013 l.
814 1968 858 2012 t.
888 1978 934 2012 c.
966 1961 1028 2011 11
1080 1976 1128 2009 η,
1174 1959 1222 2008 3.
1263 1958 1365 2009 Hae
1402 1974 1556 2018 voces
1595 1973 1654 2008 ex
1681 1954 1801 2007 Lib.
1841 1952 1977 2005 nuth·

431 2054 735 2118 desumptae
764 2057 901 2107 sunu
923 2048 1069 2108 aliae,
1096 2047 1170 2096 Et
1189 2062 1312 2096 eum
1332 2042 1529 2113 spiritu
1555 2055 1649 2094 euo
1674 2059 1736 2094 ex
1761 2043 1824 2093 D.
1848 2040 1976 2091 Pau-

431 2142 484 2190 lo
512 2140 573 2190 ad
605 2139 769 2190 Galat.
803 2144 1037 2202 acceptae
1060 2143 1207 2196 sunt,
1237 2134 1272 2185 1.
1300 2134 1349 2183 2.
1380 2149 1426 2183 c.
1456 2131 1507 2182 ³.
1536 2147 1589 2181 n.
1623 2130 1657 2180 6
1791 2192 1795 2196 .

542 2225 809 2278 Dominus
827 2221 1109 2275 vobiscum
1137 2220 1331 2271 dicitur
1355 2228 1474 2289 post
1499 2218 1692 2270 Gloria
1721 2216 1777 2267 1⁸12
1798 2218 1974 2268 excel-

428 2312 529 2379 sis,
567 2315 714 2379 cujus
753 2313 871 2367 loeo
899 2311 1194 2378 Episcopus
1223 2302 1408 2359 diebus
1430 2308 1654 2357 laetitiae
1683 2305 1814 2357 dicit
1847 2308 1973 2358 Pax

429 2401 605 2467 vobis,
623 2403 659 2453 1.
684 2400 734 2450 2.
752 2417 795 2450 c.
819 2401 848 2449 A
889 2416 939 2448 n.
973 2399 1054 2448 18.
1079 2398 1262 2448 Postea
1285 2396 1578 2463 Episcopus
1603 2392 1977 2460 perDominus

430 2486 715 2542 vobiscum
749 2485 1011 2553 Populum
1051 2484 1266 2546 salutat,
1305 2490 1360 2532 ut
1396 2481 1723 2533 demonstret
1759 2497 1812 2531 se
1850 2497 1963 2531 esse

430 2575 803 2638 Sacerdotem,
832 2573 903 2624 ib.
941 2571 1148 2624 Dicitur
1183 2567 1451 2623 Dominus
1484 2566 1767 2619 vobiscum
1808 2568 1875 2617 in,
1905 2566 1975 2617 si-

433 2680 592 2731 gnum
627 2670 832 2713 mutuae
861 2656 1288 2720 communionis,
1316 2673 1361 2706 c.
1392 2656 1440 2706 5.
1470 2671 1522 2706 n.
1557 2657 1605 2705 1.

534 2750 661 2801 Post
688 2747 862 2816 Kyrie
895 2745 1098 2799 eleison
1126 2764 1151 2794 a
1188 2743 1490 2812 quingentis
1518 2729 1669 2791 annis
1700 2740 1752 2790 in
1795 2739 1972 2792 medio

434 2834 592 2887 Altari
650 2852 825 2888 versus
872 2835 1134 2902 Populum
1190 2829 1457 2883 Dominus
1504 2827 1784 2880 vobiscum
1834 2826 1983 2879 dici-1

435 2932 550 2974 tur:
589 2924 715 2973 olim
757 2923 810 2972 in
854 2939 1017 2973 cornu
1052 2920 1316 2987 Epistolae
1350 2934 1525 2968 versus
1562 2914 1729 2969 Altare
1766 2915 1973 2967 diceba·

433 3020 547 3074 tur,
589 3020 645 3060 ut
671 3027 808 3060 nunc
851 3009 907 3060 fit
935 3029 960 3059 a
986 3006 1376 3067 Carthusianis,
1415 3003 1744 3067 Carmelitis,
1784 3012 1835 3054 et
1861 3003 1969 3054 FF.

425 3097 905 3162 praedicatoribus,
936 3099 971 3148 l.
1000 3096 1063 3145 2..
1082 3112 1126 3146 e.
1158 3095 1207 3144 6.
1239 3110 1290 3143 n.
1320 3093 1365 3142 3,
1403 3094 1605 3161 Septies
1634 3092 1686 3143 iu
1712 3099 1816 3141 tota
1843 3090 1975 3142 Mis·

431 3206 483 3237 sa
512 3187 722 3251 dicitur,
745 3205 805 3239 ex
828 3185 1021 3255 quibus
1042 3194 1222 3253 quater
1243 3197 1419 3233 versus
1443 3180 1724 3247 Populum,
1756 3187 1834 3231 ter
1862 3197 1974 3231 ver-

433 3292 519 3325 sus
548 3274 735 3336 Altare,
763 3284 811 3325 et
839 3291 1017 3342 quare,
1048 3289 1100 3322 n.
1129 3271 1177 3321 1.
1209 3269 1265 3321 In
1297 3269 1400 3320 fine
1428 3268 1617 3320 Missae
1645 3267 1728 3320 bis
1759 3267 1972 3332 dicitur,

439 3362 647 3432 etquid
671 3361 961 3432 significet,
989 3379 1034 3413 c.
1062 3358 1150 3410 24.
1179 3374 1230 3408 n.
1258 3356 1311 3408 8.

1180 3504 1222 3554 E

1059 3649 1328 3703 Ecclesia.

430 3761 712 3873 Ecclesia
752 3813 804 3864 in
834 3813 945 3864 suis
973 3808 1307 3862 orationibus
1347 3824 1453 3858 non
1481 3809 1683 3861 Patrem
1712 3844 1727 3871 ,
1767 3806 1856 3860 sed
1887 3806 1974 3858 Fi-

430 3910 592 3967 lium,
623 3914 671 3955 et
702 3901 957 3969 Spiritum
986 3899 1230 3948 Sanctum
1262 3895 1476 3957 invitat,
1506 3905 1563 3947 ut
1587 3895 1879 3947 adveniant.
1905 3895 1969 3948 V.

436 3991 646 4049 Oratio.
674 3992 795 4042 Non
823 3994 938 4037 orat
962 4002 1060 4053 pro
1087 3983 1368 4033 Animalms
1396 3984 1449 4033 in
1476 3981 1681 4034 Inferos
1709 3982 1934 4035 detrusis
1954 4020 1969 4048 ,

429 4097 600 4149 neque
629 4079 682 4127 in
711 4072 999 4126 offertorio
1024 4071 1216 4122 Missae
1239 4068 1621 4121 Defunctorum
1652 4078 1793 4135 putat
1813 4108 1832 4135 ,
1862 4068 1974 4119 ani-

429 4184 539 4218 mas
566 4167 620 4216 in
647 4160 960 4230 purgatorio
990 4159 1224 4210 detentas
1252 4157 1575 4223 dejiciendas
1602 4173 1715 4207 esse
1744 4155 1807 4206 ad
1836 4157 1974 4209 Infe-

428 4272 544 4317 ros,
574 4256 610 4308 1.
636 4252 687 4303 2.
717 4269 764 4303 c.
797 4251 848 4300 ⁹.
879 4265 931 4298 n.
962 4247 1013 4297 3.
1041 4258 1094 4298 et
1119 4246 1168 4293 Α.
1199 4247 1471 4311 Tempore
1509 4241 1771 4295 Adventus
1801 4244 1965 4296 utitur

428 4343 549 4394 iuis·
565 4339 738 4392 verbis
759 4338 964 4388 Borate
998 4331 1153 4386 Caeli
1173 4344 1270 4384 etc.
1297 4329 1563 4383 retrahens
1582 4328 1673 4381 has
1703 4346 1881 4396 preces
1903 4328 1966 4379 ad

429 4442 666 4499 tempora
700 4424 1082 4492 Prophetarum
1119 4404 1316 4473 Christi
1356 4418 1776 4471 incarnationem
1816 4433 1970 4484 expe-

427 4519 677 4572 ctantium
694 4552 709 4579 ,
735 4513 808 4565 ib.

534 4605 594 4656 lu
621 4606 785 4655 Missa
804 4598 1140 4652 vehementer
1156 4594 1386 4648 intendit
1410 4594 1774 4655 sacerdotum,
1794 4600 1845 4644 et
1868 4591 1966 4643 Ad·

430 4676 679 4743 stautium
715 4689 909 4740 animis
946 4686 1255 4755 imprimere
1292 4682 1435 4735 idem
1486 4699 1599 4735 esse
1638 4681 1964 4733 Sacrificium

428 4778 615 4831 Altaris
640 4794 756 4830 cum
780 4775 1050 4829 Sacrificio
1075 4771 1274 4826 Crucis:
1303 4779 1354 4823 et
1378 4769 1580 4822 idcirco
1603 4770 1728 4831 vult,
1754 4769 1964 4836 Corpus

436 4875 488 4917 et
516 4867 832 4932 Sanguinem
859 4861 1054 4915 Christi
1085 4875 1203 4910 cum
1226 4852 1385 4924 'signo
1421 4855 1606 4908 Crucis
1633 4855 1897 4924 proferri,
1927 4857 1965 4909 1.

428 4951 479 5003 2.
509 4970 556 5003 c.
589 4953 671 5002 16.
701 4969 752 5002 n.
782 4953 834 5002 6.

540 5034 766 5091 Ecclesia
803 5040 856 5089 in
885 5039 1031 5104 Syria
1057 5053 1123 5087 eo
1152 5035 1205 5084 in
1246 5034 1365 5084 loco
1404 5030 1670 5083 aedificata
1699 5029 1828 5094 fuit,
1869 5029 1962 5081 ubi

429 5124 822 5194 quidam‘pueri
841 5161 856 5186 ,
888 5126 977 5191 qui
1006 5123 1200 5174 Missae
1226 5119 1583 5171 caeremonias
1622 5117 1820 5169 imitari
1848 5117 1963 5169 ausi

3340 501 3444 554 ⁴2³

2673 648 3043 717 Eleemosyna
3058 687 3069 697 .

2198 825 2542 894 Eleemosyna
2575 841 2674 892 pro
2716 825 2874 878 Missa
2913 825 3065 877 alicui
3106 824 3478 876 determinatae
3512 824 3632 877 Pcr-

2090 928 2251 963 sonae
2279 911 2587 980 applicanda
2614 910 2779 981 accipi
2801 921 2995 980 potest,
3020 921 3072 963 et
3098 913 3140 963 si
3169 912 3473 979 accipiatur,
3501 912 3629 963 uis·

2084 1015 2136 1049 sa
2167 997 2477 1067 applicanda
2504 1009 2609 1062 est,
2639 999 2673 1049 1.
2704 999 2756 1050 3.
2785 1015 2831 1049 c.
2860 999 2911 1049 9.
2942 1011 2992 1050 et
3022 1001 3104 1050 16.
3131 1000 3197 1050 V.
3225 997 3560 1067 Applicatt'o.

2192 1087 2536 1153 Eleemosyna
2580 1087 2810 1154 cuipiam
2858 1086 3108 1155 peculiari
3151 1085 3420 1139 Sacerdoti
3443 1123 3458 1149 ,
3503 1087 3626 1136 loco

2085 1166 2374 1223 oblationis
2397 1173 2582 1236 Panis,
2620 1173 2837 1237 etvini,
2873 1191 3005 1242 quae
3033 1173 3162 1230 olim
3193 1193 3218 1225 a
3248 1172 3523 1246 Fidelibus
3559 1171 3628 1222 sd

2086 1258 2257 1312 Altare
2287 1261 2463 1327 fiebat,
2490 1278 2600 1313 non
2622 1270 2738 1313 ante
2765 1262 3036 1314 Saeculum
3065 1262 3205 1313 vlu.
3233 1260 3409 1312 offerri
3439 1268 3626 1327 coepta

2088 1356 2169 1398 est
2193 1385 2206 1412 ,
2237 1347 2574 1400 utSacerdos
2601 1348 2690 1398 ille
2716 1348 2932 1400 Missam
2963 1348 3183 1411 faceret,
3212 1333 3364 1415 cujus
3389 1347 3585 1399 fructus
3608 1384 3624 1411 ,

2086 1438 2166 1488 vel
2194 1436 2581 1503 eleemosynam
2609 1436 2881 1504 largienti,
2910 1437 2990 1487 vel
3018 1436 3186 1500 alteri,
3213 1436 3322 1487 sive
3349 1435 3487 1498 vivo,
3516 1435 3625 1490 sive

2103 1533 2313 1574 mortuo
2340 1523 2714 1592 applicaretur:
2748 1523 2995 1592 idemque
3019 1539 3136 1574 mos
3160 1540 3270 1573 non
3297 1532 3412 1575 ante
3441 1524 3626 1575 Saecu-

2096 1612 2203 1662 lum
2222 1610 2334 1664 xn.
2355 1611 2549 1680 passim
2571 1610 2768 1681 ubique
2790 1621 3028 1680 receptus
3047 1620 3144 1675 est,
3172 1613 3210 1664 Ι.
3239 1611 3289 1662 3.
3312 1628 3358 1663 e.
3385 1611 3473 1663 21.
3497 1628 3548 1661 n.
3569 1612 3623 1664 6.

2200 1700 2492 1769 specialem
2523 1702 2713 1772 Missae
2731 1700 3140 1768 applicationem
3164 1699 3262 1763 illi,
3287 1699 3377 1767 qui
3397 1702 3624 1753 eleemo-

2090 1806 2268 1858 synam
2298 1789 2511 1857 largitus
2546 1796 2708 1851 esset,
2748 1786 3050 1857 improbare
3076 1786 3396 1843 Walafridus
3433 1787 3620 1841 Strabo

2087 1877 2231 1927 visus
2259 1884 2365 1938 est,
2402 1876 2551 1944 quasi
2579 1875 2713 1927 illud
2739 1892 2847 1927 non
2878 1876 2995 1944 plus
3023 1874 3143 1941 uni,
3183 1892 3340 1943 quam
3370 1875 3625 1928 omnibus

2082 1961 2361 2015 Fidelibus
2401 1961 2704 2031 prodessetz
2743 1962 2835 2014 sed
2865 1961 3091 2025 fallitur,
3130 1961 3167 2013 1.
3197 1961 3250 2012 3.
3291 1978 3321 2012 e
3362 1961 3430 2013 21
3487 1979 3540 2014 n.
3568 1963 3621 2014 6.

2081 2050 2316 2104 Eundem
2371 2067 2573 2103 morem
2612 2059 2856 2120 tanquam
2907 2049 3257 2101 simoniacum
3298 2050 3620 2103 recentiores

2077 2139 2314 2190 Haeretici
2343 2139 2681 2201 insectantur,
2707 2138 2798 2188 sed
2829 2153 3190 2205 perperam,n.
3216 2137 3268 2187 ¹1.
3299 2136 3536 2196 Eundem
3564 2139 3620 2188 in

2081 2243 2136 2279 se
2162 2226 2460 2293 caeteroqui
2491 2227 2725 2290 licitum,
2752 2234 2805 2276 et
2830 2224 3112 2276 honestum
3142 2225 3277 2276 avari
3315 2224 3627 2279 Sacerdotes

2079 2312 2381 2377 foedarunt,
2404 2313 2484 2364 vel
2507 2313 2683 2379 plures
2711 2310 2897 2363 eodem
2921 2310 3008 2362 die
3033 2311 3221 2362 Missas
3243 2309 3312 2361 ob
3342 2312 3521 2379 plures
3542 2329 3624 2364 ca-

2081 2402 2302 2470 ptandas
2330 2402 2716 2467 eleemosynas,
2754 2399 2834 2452 vel
2862 2399 3051 2450 Missas
3087 2396 3412 2464 bifaciata,
3452 2407 3503 2452 et
3527 2399 3625 2452 eri·

2056 2487 2317 2556 ficimus
2349 2486 2697 2551 celebrando,
2724 2494 2775 2538 et
2798 2485 3075 2555 quomodo
3103 2503 3157 2539 n.
3185 2487 3234 2537 8.
3273 2485 3372 2537 Aut
3398 2488 3463 2540 de
3489 2489 3623 2542 elee-

2081 2594 2297 2645 mosyna
2339 2576 2561 2643 turpiter
2586 2575 2935 2643 paciscentes3
2961 2583 3019 2624 ut
3044 2572 3272 2642 proinde
3313 2575 3617 2630 Concilium

2075 2665 2346 2735 quoddam
2377 2665 2692 2718 Toletanum
2717 2664 2957 2726 vetuerit,
2987 2680 3054 2714 ne
3072 2662 3203 2731 quid
3227 2680 3325 2730 pro
3353 2663 3514 2714 Missa
3534 2665 3622 2716 Sa-

2080 2753 2269 2806 cerdos
2315 2770 2377 2804 ex
2423 2761 2573 2821 pacto
2612 2752 2875 2820 exigeret,
2921 2749 3010 2801 sed
3058 2752 3392 2819 eleemosyna
3429 2759 3621 2820 sponte

2073 2841 2246 2893 oblata
2276 2847 2552 2892 contentus
2579 2848 2740 2899 esset,
2772 2856 2822 2888 n.
2852 2840 2903 2890 9.

2179 2927 2486 2982 Concilium
2531 2925 2911 2984 Tridentinum
2955 2926 3235 2993 Episcopis
3283 2925 3519 2993 injunxit
3561 2936 3619 2978 ut

2076 3035 2289 3069 omnem
2322 3017 2374 3066 in
2405 3015 2506 3066 hoc
2533 3014 2799 3065 avaritiam
2825 3014 3101 3075 tollerent,
3127 3013 3335 3065 idcirco
3364 3015 3616 3083 Episcopi

2032 3173 2036 3177 .
2076 3108 2132 3158 in
2164 3105 2274 3158 suis
2298 3101 2643 3157 Dioecesibns
2670 3102 2864 3154 debent
2888 3103 3170 3153 Missarum
3200 3103 3524 3171 stipendium
3550 3113 3620 3154 ta-

2075 3212 2210 3247 xare:
2240 3211 2373 3262 quae
2404 3193 2593 3242 taxatio
2621 3190 2915 3241 consultius
2936 3190 2989 3240 in
3019 3188 3234 3258 Synodo
3263 3190 3375 3242 fieri
3399 3208 3620 3244 consue-

2082 3283 2185 3346 vit,
2211 3296 2528 3350 quamquam
2564 3287 2706 3331 extra
2733 3278 2877 3328 illam
2904 3275 3019 3329 fieri
3047 3285 3221 3345 potest
3242 3314 3258 3340 ,
3287 3279 3365 3329 vel
3401 3278 3560 3330 etiam
3587 3297 3616 3330 a

2079 3367 2468 3423 consuetudine
2507 3364 2718 3429 induci,
2756 3366 2790 3415 1.
2818 3365 2868 3416 3.
2907 3382 2953 3416 e.
2979 3365 3066 3417 21.
3104 3382 3156 3417 n.
3188 3367 3275 3416 1⁰.
3317 3377 3368 3425 et
3395 3367 3480 3417 11.
3517 3368 3613 3419 Fa-

2076 3455 2265 3510 cienda
2305 3473 2428 3507 vero
2457 3462 2534 3505 est
2574 3454 2626 3503 in
2664 3470 2720 3505 ea
2747 3453 3065 3521 quantitate,
3099 3471 3231 3521 quae
3257 3453 3437 3505 deceat
3474 3456 3613 3521 juxta

2077 3547 2349 3608 locorum,
2385 3551 2438 3595 et
2464 3552 2762 3610 temporum
2800 3541 3244 3592 circumstantias:
3286 3557 3397 3594 non
3439 3551 3609 3594 tan-cn

2075 3649 2209 3701 opus
2236 3641 2344 3694 est,
2373 3639 2428 3682 ut
2454 3630 2784 3696 eleemosyna
2813 3636 2950 3679 tanta
2973 3628 3061 3692 sit,
3087 3646 3219 3697 quae
3245 3629 3508 3697 integram*
3530 3648 3614 3681 su-

2073 3718 2441 3771 stentationem
2466 3713 2732 3768 Sacerdoti
2762 3713 3045 3767 celebranti
3074 3714 3395 3783 suppeditet,
3415 3723 3468 3768 et
3484 3734 3610 3785 qua·

2072 3825 2155 3872 re,
2184 3822 2233 3857 η.
2267 3804 2353 3857 12.

2178 3895 2278 3963 Qui
2311 3895 2442 3958 ultra
2459 3892 2847 3958 eleemosynam
2877 3887 2939 3940 ab
2958 3888 3226 3958 Episcopo
3249 3898 3462 3941 taxatam
3487 3892 3609 3960 plus

2069 3984 2248 4051 exigit,
2275 3988 2456 4031 eontra
2485 3980 2650 4046 legem
2677 3975 2938 4028 Ecclesiae
2965 3974 3248 4046 delinquit,
3274 3986 3326 4029 et
3350 3977 3607 4045 justitiam

2070 4069 2497 4123 commutativam
2527 4065 2715 4117 laedit.
2740 4065 3117 4131 Eleemosynae
3146 4081 3270 4116 vero
3298 4065 3362 4116 ab
3389 4064 3606 4134 Episco-

2071 4175 2140 4225 po
2168 4166 2364 4207 taxatae
2390 4156 2546 4207 etiam
2576 4154 2853 4221 Regularcs
2884 4162 3016 4203 stare
3043 4151 3269 4218 debent,
3296 4154 3331 4219 l.
3362 4153 3412 4203 3.
3441 4171 3488 4205 c.
3514 4154 3602 4206 21.

2038 4236 2043 4249 ’
2069 4263 2120 4296 η.
2153 4246 2234 4296 13.
2264 4245 2435 4297 Nemo
2466 4251 2635 4293 tamen
2678 4240 2991 4308 prohibetur
3014 4239 3315 4292 uberiorem
3347 4241 3537 4309 stipem
3576 4261 3605 4294 a

2067 4342 2256 4400 sponte
2284 4330 2532 4382 dantibus
2559 4330 2814 4396 accipere,
2842 4327 3137 4379 dummodo
3168 4327 3324 4380 dolus
3352 4328 3508 4395 absit,
3530 4328 3601 4382 ib.

2065 4421 2124 4471 Ei
2154 4438 2309 4483 vero,
2346 4418 2437 4489 qui
2467 4420 2852 4484 eleemosynam
2883 4425 3130 4467 consueta
3157 4416 3494 4485 pinguiorem
3524 4437 3605 4471 ac-

2067 4505 2213 4574 cipit,
2242 4522 2351 4556 non
2380 4506 2501 4556 licet
2524 4504 2738 4556 Missam
2762 4502 2911 4553 alteri
2938 4502 3206 4555 Sacerdoti
3235 4503 3602 4557 celebrandam

2065 4594 2398 4645 committere
2427 4601 2571 4662 parte
2599 4590 2700 4641 sibi
2727 4589 3027 4658 pinguioris
3047 4592 3408 4659 eleemosynae
3435 4603 3601 4645 reten-

2065 4691 2142 4745 ta,
2164 4683 2321 4733 etiam
2349 4681 2390 4731 si
2421 4680 2676 4732 Sacerdos
2703 4676 2972 4731 celebrans
3001 4687 3201 4747 partem
3233 4679 3379 4730 illam
3407 4691 3598 4750 sponte

2065 4768 2373 4832 remitteret,
2401 4766 2474 4818 ib.

2166 4857 2242 4908 Ex
2272 4853 2495 4905 manuali
2525 4854 2855 4922 eleemosyna
2883 4851 2945 4903 ab
2974 4853 3245 4922 Episcopo
3272 4862 3436 4909 taxata
3460 4857 3603 4911 nibil

2063 4942 2441 4995 detrabendum
2471 4949 2550 4993 est
2578 4940 2631 4990 in
2660 4940 3003 4991 commodum
3028 4940 3309 5005 Ecclesiae,
3339 4961 3441 5012 qna
3460 4961 3604 4998 sacra

2059 5030 2395 5092 indumenta,
2425 5036 2478 5079 et
2504 5029 2747 5080 utensilia
2776 5026 3170 5081 subministrat.
3199 5029 3345 5082 Licet
3375 5048 3502 5084 vero
3538 5051 3603 5085 ex

2062 5117 2342 5187 stipendiis
2371 5115 2568 5167 relictis
2597 5132 2693 5182 pro
2720 5116 2901 5168 Missis
2928 5115 3217 5185 perpetuis,
3244 5118 3289 5167 si
3317 5117 3597 5185 Ecclesiae,

432 5211 663 5273 suerunt,
692 5212 811 5276 igne
835 5226 863 5260 e
889 5209 1048 5261 Caelo
1077 5208 1292 5275 delapso
1322 5205 1554 5274 percussi
1585 5203 1813 5268 fuerunt,
1846 5205 1880 5256 l.
1910 5202 1961 5256 2.
2063 5205 2117 5254 in
2147 5203 2343 5274 quibus
2369 5202 2561 5255 Missae
2598 5200 2956 5283 celebrantur,
2983 5202 3116 5253 alios
3148 5202 3345 5254 reditus
3373 5219 3487 5255 non
3515 5203 3601 5255 ha-

429 5316 474 5349 c.
501 5298 552 5348 2.
582 5314 633 5347 n.
662 5299 710 5348 6.
743 5309 792 5347 ει
814 5312 955 5362 seqq.
1030 5314 1033 5315 ⁷

2065 5290 2250 5357 beant,
2280 5293 2314 5342 l.
2345 5290 2392 5343 3.
2424 5307 2469 5341 c.
2497 5288 2585 5340 21.
2616 5306 2669 5341 n.
2699 5289 2780 5338 14.
