4487 6316
1762 411 1990 462 {tt-:tum
2029 409 2451 466 No'rammtm

513 554 606 608 lib.
657 553 712 610 2.
752 574 797 610 e.
843 557 896 609 7.
938 574 972 607 n
1025 557 1059 608 0
1104 554 1239 608 Dum
1278 555 1474 623 ,tegitur
1525 556 1744 607 historia
1780 555 2051 608 Passionis

508 646 707 703 Cbristi
740 647 1049 704 inchoatur,
1084 644 1275 697 Passio
1304 655 1402 695 etc.
1435 642 1506 694 ib.

618 735 745 786 Post
771 735 1109 802 Evangelium
1151 734 1281 783 olim
1311 749 1488 784 sermo
1517 730 1580 782 ad
1599 732 1865 801 Populum
1896 730 2051 783 habe·

512 821 694 882 batur,
726 832 781 873 ut
808 841 948 873 niiiic
975 820 1167 872 alicubi
1199 821 1273 871 fn.
1302 823 1365 872 V.
1396 816 1666 872 Humilia.

617 912 871 964 Sacerdos
900 910 1025 961 dum
1054 910 1390 976 Evangelium
1425 910 1594 976 legere
1621 908 1813 975 incipit
1840 909 1894 956 in
1923 909 2048 959 Mis·

505 1020 587 1064 sa,
616 1002 803 1054 Crucis
829 1001 983 1066 signo
1014 996 1241 1058 librum,
1280 1004 1331 1047 et
1357 988 1591 1061 seipsum
1621 995 1821 1061 signat,
1853 996 1890 1045 1.
1916 994 1969 1046 2.
2000 1012 2046 1047 c.

504 1091 558 1141 ’1.
586 1107 639 1139 η.
670 1089 751 1139 11.
779 1085 1063 1153 Evangelio
1095 1082 1341 1150 absoluto
1380 1083 1576 1133 librum
1607 1083 1872 1133 osculatur
1894 1119 1908 1143 ,
1953 1082 2050 1148 im-

509 1195 598 1228 mo
627 1176 918 1244 antiquitus
945 1174 1133 1238 Clero,
1158 1181 1213 1223 et.
1233 1171 1442 1239 Populo
1474 1170 1612 1221 idem
1646 1171 1780 1221 liber
1810 1172 2050 1220 osculan-

506 1266 603 1317 dus
632 1263 963 1316 offerebatur:
993 1260 1049 1312 id
1074 1261 1344 1312 Honorius
1373 1259 1593 1313 Tertius
1616 1259 1713 1309 sub
1744 1275 2046 1310 excommu-

505 1354 772 1404 nicatione
813 1351 1001 1414 vetnit,
1031 1349 1263 1415 exceptis
1292 1346 1387 1405 iis,
1427 1346 1516 1413 qui
1551 1348 1708 1396 Sacro
1737 1346 1870 1404 oleo
1903 1343 2044 1399 uncti

503 1451 707 1503 essent,
746 1447 819 1490 ns
841 1439 923 1490 13.
964 1439 1120 1489 Nunc
1140 1437 1341 1502 Papae,
1368 1433 1775 1497 cardinalibus,
1815 1441 1865 1484 et
1894 1432 2048 1484 Sedis

501 1530 836 1597 Apostolicae
875 1526 1084 1591 Lentis
1141 1523 1356 1591 ubique:
1393 1521 1739 1583 patriarchis,
1782 1521 2047 1588 Arvhiepi·

501 1617 709 1683 scopis,
743 1625 796 1666 et
818 1613 1102 1680 Episcopis
1140 1611 1195 1663 in
1239 1610 1475 1678 propriis
1504 1608 1868 1665 Dioecesibns:
1895 1609 2046 1659 Prin·

502 1704 715 1773 cipibus
743 1722 802 1755 ea
830 1702 1105 1753 tolerantia
1131 1699 1378 1761 offertur,
1418 1713 1527 1761 non
1558 1714 1682 1748 vero
1711 1697 1886 1768 Laicis
1916 1696 2047 1748 infe·

502 1792 755 1851 rioribus,
783 1790 853 1841 ib.
883 1789 1022 1841 Illud
1051 1789 1291 1839 osculum
1323 1784 1581 1837 Sacerdos
1611 1786 1811 1834 omittit
1840 1783 1893 1834 in
1923 1785 2046 1834 Mis·

500 1881 575 1931 sis
613 1888 948 1929 mortuorum
967 1913 981 1937 ,
1020 1885 1071 1928 et
1097 1875 1469 1940 curan-*Papffi
1500 1890 1558 1923 ac
1598 1872 1871 1924 recensitis
1898 1872 2047 1930 Prae-

501 1967 734 2028 sulibus,
765 1964 853 2016 ubi
885 1964 935 2014 bi
966 1962 1397 2031 jurisdictionem
1439 1959 1664 2024 habent,
1694 1977 1745 2009 n.
1779 1960 1861 2009 11.

606 2053 944 2119 Evangelinm
976 2053 1027 2102 S.
1053 2032 1274 2104 Joannis
1316 2050 1367 2107 in
1412 2049 1513 2099 line
1540 2050 1733 2099 Missae
1776 2048 1828 2095 iu
1859 2047 2042 2098 Cornu

498 2142 764 2210 Evangelii
798 2140 1014 2208 legitur,
1043 2140 1166 2206 quia
1195 2136 1270 2189 ibi
1291 2136 1443 2186 -aliud
1472 2134 1813 2202 Evangelium
1848 2134 2037 2185 lectum

500 2238 605 2290 est,
641 2230 676 2279 l.
703 2228 753 2278 2.
784 2244 831 2278 e.
865 2230 916 2279 ⁶.
945 2244 1001 2280 n.
1028 2228 1079 2277 6.
1101 2227 1242 2277 Olim
1272 2225 1335 2275 ad
1366 2225 1603 2284 libitum,
1632 2240 1774 2286 nunc
1805 2239 2042 2289 exvprae·

498 2327 653 2384 cepto
682 2319 734 2370 S.
757 2319 834 2368 Pii
863 2318 927 2367 V.
957 2316 1176 2380 legitur,
1205 2313 1306 2362 tii-i
1337 2314 1551 2363 Festum
1581 2313 1771 2376 exigat,
1803 2318 1852 2359 nt
1883 2311 2042 2363 Evau-

500 2405 688 2471 gilium
709 2404 1020 2457 Dominicae
1048 2404 1264 2468 legatur,
1290 2401 1324 2451 I.
1351 2400 1385 2451 2
1419 2417 1461 2450 c.
1480 2398 1568 2449 2⁴.
1586 2400 1702 2452 n.8.
1731 2399 1860 2449 Huic
1880 2400 2043 2450 Evan-

499 2496 639 2560 {telio
667 2493 920 2560 q‘uaeilam
950 2490 1135 2544 Crucis
1163 2490 1311 2555 signa
1343 2489 1752 2555 praemittuntur
1771 2522 1786 2546 ‚
1809 2493 1859 2536 et
1888 2484 1949 2536 ad
1982 2485 2043 2535 il·

498 2581 587 2648 lud
618 2581 695 2633 Et
729 2578 961 2631 Verbum
988 2592 1118 2627 caro
1145 2588 1243 2626 etc.
1274 2574 1529 2626 Sacerdos
1558 2571 1882 2639 genuflectit,
1906 2569 2037 2622 ibid.

496 2671 626 2736 Erga
654 2667 758 2718 boc
782 2666 1120 2732 Evangelium
1154 2680 1334 2730 magna
1369 2664 1499 2714 olim
1528 2670 1636 2712 erat
1655 2659 1924 2711 Fidelium
1953 2658 2040 2710 de-

493 2757 674 2818 votio,
701 2765 752 2806 et
779 2757 832 2804 in
872 2751 1191 2822 quibusdam
1220 2750 1473 2801 Ecclesiis
1513 2746 1781 2815 legebatur
1809 2748 2037 2814 postBa·

497 2841 751 2910 ptismum
783 2840 1156 2908 parvulorum,
1185 2845 1308 2904 post
1331 2837 1617 2895 Viaticum,
1645 2844 1696 2885 et
1724 2843 1840 2900 post
1872 2843 2033 2886 extre·

496 2946 633 2979 marn
677 2927 980 2978 unctionem
1006 2961 1021 2988 ,
1062 2922 1132 2974 ib.
1159 2924 1437 2976 omittitur
1474 2941 1500 2971 a
1545 2920 1907 2973 carthusianis
1932 2957 1946 2983 ,
1985 2929 2037 2973 et

492 3015 558 3066 ab
597 3033 694 3076 eo,
732 3015 825 3082 qui
853 3012 1070 3064 Missam
1111 3011 1404 3062 solemnem
1436 3010 1489 3060 in
1518 3010 1719 3059 Sacello
1748 3007 2032 3064 Pontificio

488 3100 737 3164 celebrat,
766 3099 836 3151 ib.

597 3191 934 3254 Evangelium
977 3186 1103 3239 dum
1133 3187 1422 3254 legeretur,
1454 3185 1691 3253 Populus
1731 3192 1866 3236 stare
1906 3188 2031 3236 co'n-

488 3279 676 3331 suevite
709 3276 959 3329 babentes
996 3274 1243 3326 baculum
1271 3272 1627 3340 deponebant.
1657 3260 1905 3339 Religiosi
1936 3272 2032 3323 Or·

488 3366 674 3420 diuum
703 3364 1037 3435 Equestrinm
1070 3378 1282 3412 manum
1312 3361 1492 3429 gladio
1521 3354 1823 3421 admovent,
1850 3360 1930 3410 vel
1952 3359 2031 3427 ip·

486 3471 602 3506 sum
632 3474 662 3506 e
689 3455 872 3517 vagina
903 3451 1163 3510 educunt,
1190 3457 1243 3499 et
1267 3465 1428 3515 quare
1447 3487 1465 3512 ,
1499 3449 1535 3498 l.
1561 3446 1613 3499 2.
1643 3464 1690 3497 c.
1714 3438 1771 3498 ⁶1.
1801 3465 1852 3498 ιι.
1887 3447 1967 3497 14Δ

592 3542 947 3605 Evangelistae
977 3555 1058 3589 res
1086 3557 1111 3586 a
1137 3537 1352 3589 Christo
1380 3544 1568 3601 gestas,
1597 3552 1706 3585 non
1736 3536 1948 3597 seriem,
1977 3543 2028 3589 et

486 3627 730 3680 ordinem
761 3634 998 3717 narrant,
1030 3627 1063 3674 1.
1091 3624 1143 3673 2.
1174 3640 1220 3674 ο.
1253 3625 1338 3713 ill,
1367 3640 1419 3672 ιι.
1452 3625 1535 3674 10.

1049 3796 1424 3851 .Eucliar2'stici

589 3950 1334 4042 Eucharistiabacramentum
1376 3974 1516 4038 justa
1543 3975 1754 4024 Patrum
1785 3973 2025 4026 traditio-

479 4074 602 4120 nem
632 4083 659 4114 a
686 4064 905 4119 Christo
932 4062 1307 4129 invinoaqua
1337 4063 1503 4110 mixto
1528 4061 1829 4112 institutum
1859 4073 1955 4127 est,
1984 4063 2022 4115 1.

523 4198 529 4205 .
595 4157 663 4203 .-1
715 4164 805 4202 .n.
835 4152 921 4205 s..

472 4156 513 4269 ἰ
559 4155 729 4292 c01:³12
766 4236 1125 4290 Eucharistiae
1165 4233 1476 4286 distributio
1516 4234 1613 4284 sub
1654 4237 1829 4303 specie
1868 4238 2021 4304 panis

480 4326 834 4392 Communia,
865 4323 961 4375 sub
993 4324 1169 4392 specie
1197 4323 1302 4372 vini
1340 4318 1699 4389 Confirmatio
1727 4322 2021 4388 dicebatur,

3409 415 3512 468 ⁴29

2264 560 2322 611 lu
2378 558 2591 628 publica
2631 557 2987 610 Eucharistiae
3037 559 3375 628 expositione
3413 563 3696 612 salvatoris

2154 647 2456 712 triumphus
2485 648 2827 714 significatur.
2859 648 3104 714 Appeml.
3140 635 3186 697 1.
3216 639 3505 721 ᾗῇριιανὶο
3535 651 3675 699 loco.

2262 734 2415 784 Feria
2445 735 2494 785 ὅ.
2527 735 2579 783 iu
2602 733 2778 784 Coena
2797 734 3015 783 Domini
3039 734 3418 787 Eucharistiam
3451 737 3571 788 oleo
3604 739 3699 788 mi·

2152 838 2296 873 scere
2314 840 2409 888 ,rac
2437 822 2628 873 iterum
2657 839 2918 892 coquerfe,
2946 825 3184 873 antiolius
3203 824 3483 885 exsiccare,
3510 835 3566 874 ut
3591 843 3696 877 ser·

2151 918 2329 970 vetur,
2357 908 2572 960 Graecis
2611 925 2718 958 non
2763 909 3102 976 permittitur.
3134 912 3275 975 App.
3317 909 3364 983 fi.
3406 912 3457 960 3.
3500 910 3565 961 de
3606 914 3697 963 Sa·

2151 1008 2430 1048 cremento
2450 1012 2500 1045 η.
2525 999 2576 1047 3.
2593 996 2921 1064 praecipitur
2944 1015 3087 1059 vero,
3112 1000 3526 1059 Sacramentum,
3549 1000 3694 1068 quod

2155 1103 2255 1153 pro
2310 1084 2537 1141 iulirmis
2589 1092 2850 1148 servatur,
2905 1085 3131 1151 sfngulis
3161 1096 3282 1136 octo
3338 1086 3557 1150 diebus,
3611 1099 3699 1140 aut

2151 1172 2459 1239 quindecim
2492 1173 2752 1223 renovari.
2779 1173 2878 1250 Sed
2912 1171 3256 1240 prohibetur,
3285 1191 3350 1225 ue
3379 1192 3473 1242 per
3500 1187 3694 1226 annum

2150 1269 2414 1318 servetur,
2444 1275 2573 1312 neve
2602 1278 2628 1308 a
2654 1259 2933 1309 Monacbis
2960 1259 3318 1311 Eucharistiae
3350 1261 3601 1327 particula
3630 1260 3695 1312 ad

2149 1347 2345 1396 collum
2376 1362 2658 1412 suspensa,
2691 1346 2771 1397 vel
2798 1345 2952 1397 aliter
2969 1346 3272 1414 deferatur,
3307 1364 3477 1415 neque
3507 1348 3696 1416 inpri-

2151 1434 2279 1483 vatis
2307 1432 2600 1502 Domibus,
2645 1451 2816 1502 neque
2848 1435 2899 1506 igi
2941 1435 3118 1504 longis
3150 1434 3448 1502 itineribus·
3475 1437 3696 1489 retinea-

2153 1528 2308 1580 turse.
2338 1538 2373 1571 n
2421 1522 2468 1570 3,
2501 1517 2649 1572 adv.

2254 1608 2507 1670 Parocliis
2534 1609 2737 1682 Latinis
2778 1610 2994 1661 vetitum
3036 1619 3142 1671 est,
3170 1610 3549 1663 Eucharistiam
3593 1601 3690 1665 sub

2147 1697 2323 1761 specie
2352 1685 2663 1747 fermentati
2688 1714 2785 1763 pro
2816 1697 3140 1748 Graecorum
3170 1701 3554 1752 communione
3575 1739 3588 1761 ,
3641 1707 3694 1754 et

2145 1781 2397 1833 Parocbis
2436 1784 2650 1835 Graecis
2690 1783 2787 1835 sub
2828 1785 3004 1852 specie
3044 1788 3208 1852 azymi
3252 1805 3351 1855 pro
3378 1791 3690 1840 Latinorum

2147 1872 2532 1923 communione
2570 1890 2793 1923 servare.
2824 1857 2997 1922 Laicis
3025 1874 3229 1924 Latinis
3259 1891 3366 1925 non
3399 1877 3519 1928 licet
3548 1874 3690 1927 com·

2149 1959 2461 2008 munionem
2492 1978 2518 2008 a
2541 1960 2754 2018 Graecis
2780 1958 3106 2026 Presbyteris
3135 1961 3232 2010 sub
3263 1963 3439 2028 specie
3469 1966 3691 2016 sermen-

2149 2046 2233 2094 tati
2279 2047 2547 2112 accipere;
2588 2046 2679 2097 sed
2720 2047 2893 2095 Laicis
2933 2047 3145 2098 Graecis
3185 2050 3540 2116 permittitur,
3596 2051 3685 2102 ubi

2144 2132 2398 2182 Parocbia
2439 2150 2546 2183 non
2579 2127 2672 2195 sit,
2704 2133 3083 2184 Eucharistiam
3112 2133 3208 2185 sub
3250 2137 3425 2204 specie
3455 2139 3619 2205 azymi
3662 2162 3689 2191 a

2146 2220 2347 2302 Latinis
2372 2220 2698 2288 presbyteris
2738 2222 2992 2288 accipere.
3025 2222 3273 2289 Append.
3314 2224 3364 2275 3.
3404 2225 3449 2298 ᾗ.
3491 2226 3557 2277 de
3597 2231 3690 2280 So·

2145 2319 2423 2368 eratne-tuo
2462 2325 2510 2357 η.
2558 2311 2640 2358 11.
2684 2320 2735 2358 et
2757 2326 2908 2383 seqq.
2935 2308 3040 2361 Ubi
3069 2310 3285 2376 Graeci,
3328 2322 3376 2362 et
3405 2315 3576 2366 Latini
3622 2317 3687 2366 si-

2140 2395 2248 2443 mul
2281 2405 2546 2446 morantes
2578 2398 2881 2463 promiscue
2910 2397 3007 2446 sub
3037 2397 3211 2463 specie
3251 2402 3417 2467 azymi
3439 2391 3559 2463 ,ael
3591 2403 3688 2455 ser-

2144 2483 2358 2533 mentati
2400 2485 2837 2534 communionem
2881 2494 3125 2546 sumunt,
3168 2488 3476 2540 suavissime
3505 2510 3688 2542 curan·

2141 2568 2266 2618 dum
2299 2578 2402 2632 est,
2434 2580 2481 2620 ut
2516 2572 2613 2622 iste
2642 2588 2764 2621 usus
2794 2567 3038 2634 tollatur,
3066 2590 3098 2622 n
3149 2573 3237 2624 1⁴.

2252 2656 2348 2706 Ubi
2373 2657 2546 2706 Laicis
2569 2657 2781 2708 Graecis
2797 2658 3122 2709 Eucharistia
3144 2659 3240 2709 sub
3264 2669 3480 2731 utraque
3508 2670 3682 2734 specie

2139 2743 2429 2794 ministrari
2471 2747 2771 2808 consuevit,
2803 2746 2926 2797 haec
2963 2749 3292 2798 consuetudo
3335 2752 3547 2803 retineri
3590 2774 3681 2822 po-

2118 2836 2272 2895 test,
2313 2829 2652 2880 dummodo
2640 2833 2742 2899 ipsi
2772 2831 2988 2883 credant
3015 2833 3111 2883 sub
3140 2831 3302 2884 altera
3327 2844 3524 2888 tautum
3567 2859 3682 2910 spe-

2135 2919 2216 2969 cie
2246 2926 2411 2968 totum
2440 2917 2710 2970 Christum
2742 2921 3034 2983 contineri,
3077 2938 3244 2988 neque
3274 2924 3376 2974 ulla
3415 2928 3576 2992 gratia
3614 2930 3679 2980 ad

2134 3006 2356 3056 salutem
2384 3007 2677 3057 necessaria
2716 3007 2942 3058 lraudari
2977 3024 3099 3072 eos,
3127 3010 3215 3076 qui
3249 3027 3402 3080 unani
3433 3013 3681 3070 duntaxat

2134 3094 2366 3162 speciem
2395 3103 2625 3169 sumunt.
2659 3095 2755 3146 Ubi
2789 3113 2911 3146 vero
2940 3114 2997 3146 ea
3035 3099 3365 3149 consuetudo
3417 3118 3526 3151 non
3568 3116 3675 3168 est,

2133 3198 2304 3250 neque
2334 3181 2715 3234 introducatur.
2753 3182 2996 3251 Append.
3052 3183 3099 3234 3.
3130 3182 3176 3255 5.
3231 3184 3296 3236 de
3325 3168 3676 3245 Sacramenta

2131 3285 2181 3319 n.
2218 3270 2299 3322 15.
3036 3276 3040 3283 '

2752 3339 3048 3425 Ltvcept'io.

2236 3531 2589 3599 Exceptioues
2612 3533 2724 3596 Rei,
2751 3535 2840 3601 qui
2875 3534 3156 3599 particulas
3174 3549 3504 3590 consecratas
3532 3544 3672 3608 apud

2126 3635 2180 3670 se
2210 3622 2432 3678 retinet,
2475 3621 2553 3670 vel
2584 3621 2689 3669 alio
2719 3633 2975 3688 asportat,
3004 3626 3284 3691 quomodo
3315 3626 3523 3680 admitti
3553 3650 3675 3698 pos-

2125 3708 2252 3758 sint.
2285 3710 2351 3759 V.
2378 3706 2599 3759 Hostia.

2629 3828 3170 3889 Est-communicatio.

2232 3967 2853 4025 Excommunicationem
2909 3975 3174 4043 incurrit,
3224 3978 3314 4047 qui
3382 3974 3663 4053 postquam

2126 4062 2353 4111 scienter
2392 4060 2592 4129 aliquid
2636 4064 2950 4129 gustaverit,
2989 4015 3207 4119 Missain
3245 4066 3500 4135 celebrat,
3544 4074 3579 4124 I.
3611 4076 3661 4127 3.

2124 4165 2242 4227 cap.
2287 4148 2370 4203 12.
2409 4166 2465 4198 n.
2494 4152 2539 4199 3.
2572 4149 2836 4216 Quaedam
2878 4144 3120 4203 Concilia
3159 4160 3665 4231 esconiimunicatio

2123 4238 2206 4285 nis
2259 4253 2486 4303 poenam
2517 4245 2749 4287 statuunt
2775 4236 3020 4295 adversus
3049 4242 3406 4307 Sacerdotem
3437 4248 3528 4315 qui
3557 4252 3661 4300 Ma·

2124 4323 2328 4385 tutino,
2356 4331 2408 4375 et
2431 4323 2716 4374 Laudibus
2728 4340 2839 4374 nou
2875 4327 3134 4389 recitatis,
3163 4320 3377 4381 Missam
3409 4335 3657 4399 celebrat,

478 4420 517 4470 1.
548 4420 595 4468 1.
637 4434 682 4467 c.
711 4415 747 4465 4
802 4430 854 4464 ιι.
887 4414 969 4463 11.
996 4412 1140 4463 Olim
1174 4428 1419 4479 quoque,
1461 4427 1568 4460 non
1609 4429 1674 4461 eo
1705 4411 1872 4469 modo
1909 4430 2018 4481 quo
2120 4425 2167 4461 c.
2199 4411 2282 4460 13.
2311 4427 2364 4461 n.
2391 4411 2443 4461 4.

472 4521 615 4556 nunc
646 4506 744 4564 sit,
772 4501 983 4569 Populo
1007 4498 1333 4550 Eucharistia
1361 4497 1796 4562 distribuebatur,
1827 4501 1864 4550 1.
1890 4499 1944 4551 2.
1970 4518 2017 4554 e.

2224 4498 2841 4551 Excommunicationem
2896 4520 3140 4571 quoque,
3174 4522 3281 4556 non
3334 4516 3505 4561 tamen
3535 4529 3654 4579 ipso

468 4591 562 4644 22.
586 4608 639 4642 n.
665 4592 721 4643 3.
748 4591 875 4657 Ejus
904 4603 1028 4640 usus
1066 4585 1177 4637 sub
1195 4594 1413 4653 utraque
1453 4588 1629 4651 specie
1656 4589 1873 4647 Missam
1903 4604 2013 4640 non
2059 4627 2070 4667 Ι
2117 4587 2260 4652 jure,
2315 4586 2569 4651 incurrit,
2598 4589 2689 4654 qui
2747 4597 2867 4654 post
2896 4599 3180 4663 consecrata
3173 4609 3350 4644 ionem
3405 4596 3467 4647 ab
3495 4595 3607 4647 Ali..
3581 4602 3669 4655 ..ἡ

468 4678 861 4733 celebrantibus
901 4672 1235 4727 interdictus
1251 4682 1358 4735 est,
1399 4675 1581 4741 paucis
1619 4691 1682 4725 ex
1730 4675 2013 4743 privilegio
2116 4673 2345 4725 discedit
2370 4675 2486 4725 sine
2526 4666 2762 4747 legitima
2789 4693 2973 4738 causa,
3001 4695 3044 4727 c
3079 4679 3161 4728 14.
3191 4697 3244 4730 a.
3267 4681 3322 4731 2.
3350 4684 3542 4735 Coram
3572 4706 3655 4739 ex-

466 4768 719 4836 exceptis,
741 4784 779 4817 a
802 4761 1114 4816 nu-18.ad
1136 4761 1283 4828 32.ρ
1291 4762 1457 4812 stoa.
1480 4762 1792 4829 Quomodo,
1821 4772 1873 4815 et
1898 4764 2012 4831 qui-

468 4857 569 4907 bus
599 4851 949 4906 ministranda
976 4850 1074 4916 sit,
1104 4851 1145 4902 Ι.
1171 4849 1222 4899 3.
1251 4866 1371 4917 cap.
1404 4849 1488 4900 18.
1517 4862 1572 4902 et
1592 4866 1737 4917 seqq.
1764 4851 1823 4900 V.
1860 4851 2012 4904 Com-

466 4943 653 4996 mum'o
681 4940 901 5008 Populi.

573 5028 900 5082 Eucharistia
940 5027 1072 5078 olim
1104 5023 1427 5078 offerebatur
1455 5024 1522 5075 lin
1554 5027 1857 5095 vulgaribus
1886 5046 2007 5097 pur·

466 5118 801 5190 gationibus,
841 5115 907 5167 ad
935 5116 1135 5167 crimen
1167 5113 1386 5182 aliquod
1417 5113 1770 5181 detegendum
1800 5117 2007 5170 adbibi-

465 5209 564 5270 tis,
594 5205 683 5259 sed
714 5204 767 5255 id
797 5220 904 5255 nou
934 5202 1165 5271 amplius
1193 5201 1345 5265 licet,
1371 5203 1410 5252 Ι.
1440 5202 1488 5253 3.
1518 5218 1564 5252 c.
1595 5202 1679 5254 20.
1710 5221 1761 5255 n.
1781 5205 1841 5265 42·
1871 5217 1927 5257 ee
1950 5205 1998 5258 3.

2112 4762 2508 4812 communicato
2559 4779 2666 4811 nou
2712 4764 2936 4815 tolerato
2963 4765 3123 4817 Missa
3162 4769 3416 4822 celebrari
3448 4780 3650 4843 nequit,

2111 4849 2363 4901 n.14.v.
2394 4846 2664 4915 Defectus.
2727 4908 2735 4917 ,

2216 4937 2799 4991 Excommuuicatiouis
2851 4928 3024 5006 poena
3079 4961 3106 4992 a
3156 4942 3475 5026 quibusdam
3528 4953 3651 5029 Epi-

2108 5027 2288 5095 scopis
2342 5032 2527 5075 statuta
2555 5023 2652 5076 l'uit
2704 5024 2951 5077 adversus
2979 5046 3101 5094 eos,
3153 5032 3244 5102 qui
3277 5053 3377 5085 una
3424 5047 3567 5105 apte,
3597 5049 3649 5090 et

2108 5136 2158 5185 p·
2148 5125 2228 5169 nst
2246 5115 2447 5166 Missae
2491 5113 2899 5181 celebrationem
2930 5115 3058 5168 bora
3090 5119 3328 5177 tabacum
3362 5141 3564 5176 sumer
3555 5137 3642 5177 nt.

2108 5207 2167 5256 Et
2193 5202 2411 5271 quidam
2439 5201 2725 5254 Pontifices
2752 5202 2970 5256 eandem
3027 5206 3367 5274 indixerunt,
3397 5214 3645 5268 adversus
