4487 6316
564 913 609 953 Ιιι
613 911 690 954 itio
663 925 732 954 um

506 969 790 1024 Puer-nonin,

503 1026 586 1067 Sur
536 1040 790 1069 ursumeor-

505 1085 615 1147 «ξιιμ
595 1093 687 1127 vetu
689 1086 785 1129 ntis-

503 1152 652 1184 ιιιιιιιιιι

502 2709 534 2746 ιι
542 2706 605 2749 eet*
607 2705 664 2749 ΙΙιι
667 2715 740 2750 nm

475 2762 704 2807 minamine

474 2891 580 2919 ΙῚΙΙΠ-

1020 511 1092 561 ’Ν

1706 511 1792 564 DE
1817 508 2298 566 SACROSANCTO
2333 508 2549 565 HISSAE
2584 510 2961 568 SACNFIOEO

838 657 975 723 tus,
1008 651 1501 733 Archiepiscopus
1531 653 1739 715 itidem
1771 653 2276 728 Mediolanensis,
2314 663 2384 717 ιιι
2490 675 2613 737 seq.
2645 656 3092 721 Balthassarrus
3109 658 3247 721 Soc.
3292 660 3452 721 Jesu
3478 661 3541 721 in
3584 660 3855 744 Litargia
3898 662 4034 725 illu-

841 744 1045 806 videre
1067 756 1154 808 est
1175 748 1335 827 apud
1355 748 1654 828 Septalam
1676 750 2034 830 Episcopum
2055 751 2385 812 Dertonen-
2488 759 2674 813 strata
2700 771 2828 831 par.
2857 757 2915 812 2.
2939 772 3071 833 cap.
3104 758 3161 814 2.
3192 754 3495 835 ceterique
3518 774 3723 817 omnes
3745 757 4030 819 Catholici

838 856 964 899 sem
992 839 1073 901 de
1099 841 1293 903 Missa
1308 861 1442 924 pag.
1481 849 1611 904 169.

952 938 1045 994 17.
1090 935 1358 1010 Quinto,
1397 938 1797 1001 Praefationes
1828 957 2036 999 omnes
2080 937 2381 1018 incipiunt

830 1047 938 1107 per
970 1028 1117 1090 haec
1150 1031 1376 1105 verba,
1401 1031 1644 1093 Sursum
1664 1035 1864 1101 cor-dm
1888 1033 2111 1113 quibus
2131 1052 2377 1111 respon-

825 1120 927 1181 det
958 1114 1231 1185 Minister
1264 1125 1551 1186 Habemus
1568 1127 1644 1187 ad
1664 1126 1989 1187 Dominum.
2030 1125 2375 1187 Vetustissi-

834 1234 1001 1276 mum
1028 1224 1117 1278 est
1137 1219 1426 1299 ejusmodi
1456 1219 1718 1281 initium.
1746 1222 1834 1281 Ea
1865 1220 2028 1281 enim
2051 1221 2235 1282 verba
2262 1219 2373 1282 ha·-

832 1310 1093 1372 bentur
1076 1329 1141 1372 ιιι
1163 1312 1449 1394 Liturgiis
1481 1313 1833 1375 Sanctorum
1856 1313 2059 1376 Jacobi
2086 1358 2102 1385 ,
2141 1313 2369 1386 Basilii,

830 1416 892 1467 et
922 1407 1346 1490 Chrysostomi.
1378 1411 1466 1471 De
1496 1408 1571 1469 iis
1592 1407 1861 1489 loquitur
1878 1410 1955 1469 Ι).
1994 1410 2148 1490 Aug.
2187 1429 2370 1470 serm.

825 1502 962 1560 217.
1000 1501 1143 1562 edit.
1183 1502 1621 1564 Benedictinae:
1647 1502 1860 1562 Tenetis
1882 1500 2255 1562 Sacramenta
2273 1522 2368 1561 or-

820 1594 951 1655 dine
972 1614 1091 1656 ιιιο.
1117 1596 1316 1656 Primo
1330 1608 1453 1676 post
1480 1593 1808 1657 Orationem
1828 1597 2204 1656 admonemini
2236 1615 2368 1655 sur-

819 1707 945 1748 sum
974 1690 1170 1750 habere
1191 1710 1305 1751 cor.
1331 1691 1459 1751 Ideo
1493 1693 1642 1751 enim
1676 1710 1803 1750 cum
1824 1691 2037 1750 dicitur
2059 1738 2076 1761 ,
2121 1689 2371 1751 Sursum

820 1800 916 1843 cor
941 1830 957 1853 ,
980 1785 1312 1863 respondetis
1333 1804 1354 1844 .·
1398 1784 1682 1845 Habemus
1703 1785 1779 1846 ad
1806 1783 2132 1844 Dominum.
2159 1783 2369 1862 Sequi-

821 1876 1247 1958 tur-Episcopus
1269 1880 1354 1938 vel
1390 1877 1688 1958 Presbyter
1708 1881 1810 1957 qui
1847 1877 2042 1959 offert,
2088 1889 2140 1938 et
2179 1879 2362 1949 dicit,

819 1967 1057 2032 Gratias
1074 1992 1308 2052 cyamus
1327 1973 1567 2033 Domino
1584 1972 1700 2032 Deo
1718 1983 1928 2041 ποια-0,·
1952 1983 2001 2033 et
2014 1993 2112 2032 vos
2130 1983 2364 2034 attesta-

812 2068 959 2126 mini
983 2114 997 2135 ,
1023 2067 1275 2148 Diqnum
1291 2078 1341 2127 et
1351 2053 1574 2147 justum
1593 2078 1689 2128 est.
1720 2068 1800 2128 Et
1822 2066 1883 2128 S.
1923 2066 2260 2149 Cyprianus
2287 2066 2363 2128 de

813 2162 1124 2228 Dominiea
1159 2162 1444 2225 Oratione
1485 2163 1738 2243 pulchre
1777 2182 1988 2224 eorum
2036 2164 2363 2228 verborum

810 2255 1305 2339 significationem
1338 2257 1598 2338 explicat
1623 2279 1638 2318 ε
1675 2257 1947 2319 Sacerdos
1969 2269 2099 2319 ante
2122 2255 2358 2320 Oratio-

809 2365 935 2411 nem
954 2352 1315 2430 Praefatione
1328 2356 1638 2434 praemissa
1652 2364 1826 2433 parat
1846 2352 2118 2431 Fratrum
2157 2364 2359 2414 mentes

809 2448 1037 2508 dicendo
1060 2498 1080 2522 ‚
1107 2447 1352 2509 Sursum
1388 2450 1582 2517 corda:
1601 2458 1666 2507 ut
1685 2449 1820 2507 dum
1838 2450 2123 2527 respondet
2150 2447 2315 2508 Plebs
2336 2497 2353 2521 ,

807 2540 1096 2604 Habemus
1138 2544 1214 2603 ad
1233 2542 1538 2602 Dominum
1560 2590 1575 2613 ,
1594 2542 1980 2602 'admoneatur
1999 2543 2150 2601 nihil
2190 2543 2356 2604 aliud

803 2657 859 2697 se
881 2657 1053 2727 quam
1086 2637 1392 2696 Dominum
1405 2638 1658 2715 “coqitare
1679 2637 1884 2696 debere.
1924 2636 2075 2696 Cum
2108 2635 2185 2696 iis
2209 2655 2354 2698 con-

742 2722 976 2792 ‘sonat
1007 2731 1068 2792 S.
1106 2731 1371 2812 Cyrillus
1401 2729 1636 2803 Catech'.
1677 2736 1734 2790 5.
1764 2731 2091 2812 Mystagog.
2121 2731 2351 2792 Disser-

800 2826 948 2887 tatio
989 2826 1284 2905 quaedam
1331 2825 1566 2904 Lipsiae
1598 2822 1757 2885 edita
1801 2824 1918 2886 fuit
1949 2826 2045 2886 cui
2092 2825 2347 2888 titulus:

800 2920 1075 2982 For-muta
1095 2922 1290 2981 veteris
1322 2920 1599 2981 Ecclesiae
1642 2921 1978 3008 exe-icamia
2010 2921 2086 2980 acl
2107 2922 2350 2982 ᾱιυοιεο-

800 3037 928 3077 nem
971 3014 1215 3076 Sursum
1236 3015 1649 3095 corda,.quam
1674 3013 1773 3075 die
1793 3018 1890 3075 28.
1919 3013 2161 3077 Octobr.
2198 3036 2341 3078 ann.

748 3138 752 3142 ·
802 3115 975 3173 1704.
1009 3111 1074 3172 in
1097 3109 1387 3192 Lipsiensi
1415 3108 1729 3171 Academia
1763 3111 2167 3192 propugnavit
2199 3113 2345 3191 qui-

793 3205 936 3268 dam
967 3208 1268 3266 Zurnerus
1289 3203 1668 3269 Praesidente
1690 3202 1920 3264 Adamo
1944 3203 2343 3267 Rechember·

792 3299 894 3383 gio
919 3346 936 3374 ,
971 3298 1078 3380 qui
1101 3298 1220 3360 duo
1242 3305 1383 3360 sunt
1402 3297 1838 3359 haereticarum
1860 3298 2122 3376 partium
2148 3298 2345 3360 homi-

790 3415 898 3457 nes
925 3418 941 3470 3
977 3414 1049 3456 ea
1072 3392 1404 3455 dissertatio
1449 3400 1592 3453 tom.
1636 3397 1770 3453 318.
1821 3391 2342 3455 Miscellaneorum

787 3490 1127 3553 continetur
1152 3488 1217 3549 in
1259 3486 1629 3548 Bibliotheca
1646 3486 1957 3548 fnominici
1997 3480 2344 3549 Cardinalis

786 3582 1088 3645 Passionei
1119 3602 1137 3656 ;
1174 3589 1355 3662 atque
1397 3580 1461 3641 in
1483 3579 1547 3662 §-
1577 3585 1674 3641 26.
1726 3600 1892 3641 more
1931 3599 2040 3641 suo
2065 3582 2339 3661 putidam

787 3677 1145 3758 foedamque
1167 3670 1469 3739 Romanae
1488 3675 1784 3737 Ecclesiae
1804 3675 2166 3738 calumniam
2179 3678 2347 3738 affin-

787 3779 977 3855 gunt,
1003 3770 1109 3850 qui
1155 3769 1363 3831 dicunt
1383 3768 1599 3830 mentis
1631 3769 2023 3831 elevationem
2046 3771 2205 3855 apud
2232 3786 2342 3832 nos

785 3871 1077 3929 mutatam
1101 3863 1164 3923 in
1189 3862 1432 3924 Hostiae
1442 3870 1511 3922 et
1533 3861 1746 3923 Calicis
1766 3861 2184 3924 elevationem:
2218 3863 2338 3925 Oc-

780 3971 1021 4021 currunt
1046 3960 1134 4019 hic
1156 3959 1309 4018 nobis
1346 3956 1635 4037 Pontificii
1661 4004 1676 4027 ,
1725 3959 1828 4034 qui
1852 3959 1915 4016 ἰιι
1941 3957 2107 4017 veteri
2133 3958 2333 4019 Eccle-

779 4056 869 4116 sia
913 4053 1208 4115 Catholica
1230 4052 1558 4128 requisitam
1582 4051 1644 4107 in
1664 4048 2040 4110 Eucharistia
2071 4051 2334 4110 elevatio-

776 4168 906 4209 nem
926 4149 1123 4208 mentis
1148 4153 1562 4208 trasmutarunt
1585 4145 1649 4202 in
1660 4144 2013 4209 elevationem
2036 4141 2334 4222 Symbolo-

777 4262 911 4303 rum
930 4241 1457 4302 Eucharisticorum
1482 4238 1589 4297 hoc,
1603 4247 1677 4296 est
1702 4234 1883 4296 Panis
1909 4247 1961 4295 et
1993 4235 2127 4296 Vini
2147 4257 2332 4299 conse-

775 4339 926 4397 crati
945 4384 961 4407 ‚
983 4347 1049 4395 ut
1071 4345 1217 4395 certo
1242 4333 1484 4413 quodam
1504 4330 1707 4395 Rima
1722 4332 1930 4409 populo
1947 4328 2128 4391 Panis
2146 4351 2332 4393 conse-

775 4440 967 4491 cratus
1011 4430 1296 4488 adoretur.
1324 4425 1446 4486 'Hic
1486 4442 1595 4486 nos
1635 4423 1710 4483 de
1749 4422 1996 4484 Hostiae
2026 4434 2085 4484 et
2116 4424 2331 4488 Calicis

778 4521 1111 4584 elevatione
1131 4540 1252 4582 non
1282 4519 1590 4599 loquimur
1615 4563 1632 4590 ‚
1664 4517 1769 4596 qui
1794 4517 1868 4578 de
1891 4536 1963 4578 ea
1990 4537 2098 4578 suo
2121 4518 2327 4599 dispu-

778 4617 1040 4678 tabimus
1066 4614 1214 4676 loco.
1249 4613 1515 4675 Dicimus
1541 4631 1686 4673 vero
1712 4610 1891 4672 simul
1921 4631 2057 4672 cum
2084 4631 2155 4673 eo
2185 4613 2328 4675 Ritu

774 4718 836 4772 et
882 4729 1021 4770 cum
1049 4707 1398 4769 adoratione
1424 4752 1439 4780 ,
1469 4726 1636 4786 quae
1652 4705 1801 4766 Pani
1829 4713 1889 4767 et
1915 4706 2077 4767 Vino
2121 4726 2329 4768 conse-

772 4803 953 4869 cratis
975 4802 1322 4884 praesertim
1361 4803 1424 4863 in
1448 4820 1657 4862 eorum
1676 4800 2008 4861 elevatione
2030 4799 2284 4862 debetur
2306 4846 2323 4875 ,

774 4900 974 4964 adhuc
995 4898 1156 4979 apud
1199 4916 1307 4958 nos
1330 4897 1394 4958 in
1422 4915 1533 4957 usu
1555 4915 1680 4957 aese
1720 4894 2045 4956 formulam
2079 4893 2329 4955 Sursum

774 4996 978 5062 corda:
1005 4992 1431 5072 Fidelibusque
1458 4991 1602 5052 item
1629 4999 1701 5050 ut
1738 5000 1918 5050 antea
1944 4987 2281 5050 inculcatur
2304 5034 2321 5063 ,

774 5098 842 5150 ut
861 5089 938 5150 iis
959 5087 1162 5150 verbis
1179 5085 1420 5149 excitati
1439 5105 1610 5146 suam
1630 5084 1707 5146 ad
1725 5085 1917 5144 Deum
1942 5090 2203 5144 mentem
2223 5103 2326 5144 su-

766 5181 1031 5244 stollant.
1075 5181 1368 5242 Videatur
1391 5179 1614 5240 Auctor
1634 5176 1710 5238 de
1738 5175 1966 5256 optima
1989 5175 2324 5238 audiendae

769 5276 986 5339 Missae
1009 5274 1243 5339 ratione
1264 5271 1557 5333 secundae
1578 5269 1721 5331 edit.
1749 5268 1940 5329 Paris.
1971 5278 2114 5330 ann.
2147 5273 2319 5330 1681.

767 5370 903 5453 pag.
930 5372 1077 5433 300.
1108 5371 1331 5431 Auctor
1358 5367 1617 5427 Tractat.
1657 5363 1731 5423 de
1760 5362 1940 5423 Missa
1968 5354 2326 5442 Divitiisque

772 5467 1016 5533 Officiis.
1046 5464 1189 5529 edit.
1220 5459 1512 5525 Parisien.
1558 5476 1701 5523 ann.
1746 5460 1917 5518 1714.
1966 5475 2101 5538 pag.
2135 5461 2230 5518 95.
2263 5464 2325 5519 et

2489 845 2594 925 qui
2623 845 2698 906 de
2723 845 2903 908 Missa
2926 847 3310 926 scripserunt.

2610 943 2704 1001 18.
2737 940 2947 1014 Sexto,
2986 941 3389 1003 Praefationes
3414 962 3621 1003 omnes
3649 944 3708 1003 in
3741 943 3912 1004 illum
3940 944 4038 1006 de·-
4075 933 4141 972 ¹³³
4194 934 4349 989 ‘'yffi‘’

4076 989 4242 1029 Satuoet

2488 1030 2694 1094 sinunt
2734 1033 3078 1114 Hymnum,
3110 1054 3291 1114 quem
3315 1036 3525 1097 Graeci
3570 1037 4029 1117 triumphalem,
4071 1047 4123 1087 S·
4126 1054 4239 1088 nam
4261 1019 4345 1088 ’ωσι

2484 1144 2593 1185 nos
2620 1127 2972 1207 Angelicum
2998 1128 3368 1208 appellamus
3391 1130 3636 1192 Sanctus
3658 1132 3903 1193 Sanctus
3924 1145 4025 1194 etc.

2486 1218 2670 1280 Isaias
2700 1220 2864 1281 enim
2890 1241 3019 1302 cap.
3056 1228 3114 1283 6.
3165 1223 3382 1284 vidisse
3414 1244 3476 1284 se
3501 1225 3588 1287 ait
3614 1225 3921 1288 Dmniniem
3945 1243 4030 1287 ιι-

2481 1313 2695 1374 dentem
2720 1335 2885 1394 super
2907 1318 3112 1375 solium
3144 1319 3454 1388 eoecelsum,
3483 1327 3544 1380 et
3579 1319 3892 1399 Seraphim
3919 1339 4031 1382 au·

2479 1406 2635 1469 disse
2658 1418 2968 1483 canentes,
3005 1409 3284 1481 Sanctus,
3319 1410 3599 1484 Sanctae,
3635 1414 3881 1475 Sanctus
3908 1415 4027 1473 Do-
4127 1438 4133 1443 ·

2478 1501 2664 1559 minus
2706 1500 2856 1561 Deus
2893 1505 3272 1564 exercituum.
3319 1505 3503 1566 Plena
3545 1519 3622 1567 est
3656 1509 3833 1567 οηιιιίι
3873 1520 4026 1592 terra

2476 1595 2662 1676 ylario
2693 1596 2832 1672 ejus.
2877 1596 2965 1659 Ea
3005 1597 3168 1658 enim
3211 1607 3352 1661 sunt
3401 1599 3464 1660 in
3510 1593 4021 1663 praefationibus:

2476 1685 2935 1768 Bmdicmqui
2960 1694 3107 1751 venit
3134 1695 3196 1752 ιἰι
3222 1697 3441 1754 nomine
3467 1694 3718 1767 Dmnini,
3745 1696 4026 1758 Ηοιαηιιιι

2474 1781 2542 1839 in
2564 1784 2826 1854 excelsis«,
2863 1804 3020 1864 quae
3063 1788 3276 1849 turbae
3317 1788 3660 1851 cecinerunt
3683 1811 3819 1852 cum
3846 1791 4023 1852 Chri-

2475 1885 2600 1936 stus
2625 1877 2795 1944 Jesus
2820 1887 2960 1940 ante
2985 1879 3323 1943 Passionem
3349 1895 3537 1945 *suam
3565 1885 4027 1948 solemniterdn-

2473 1971 2707 2048 gressus
2727 1979 2823 2031 est
2844 1971 3350 2056 Hierosolymam,
3377 1985 3446 2039 ut
3471 1979 3628 2058 apud
3654 1980 4027 2042 Matthaeum

2471 2081 2600 2143 cap.
2631 2069 2727 2125 21.
2759 2065 2881 2128 Nos
2905 2066 3053 2128 alibi
3081 2089 3415 2146 sermonem
3442 2071 3767 2135 babuimus
3792 2074 3867 2136 de
3892 2076 4025 2136 Tri*

2469 2158 2633 2239 sagio
2660 2158 2906 2222 Sanctus
2934 2161 3115 2234 Deus,
3145 2163 3393 2226 Sanctus
3418 2168 3581 2244 fortis
3598 2215 3613 2238 ,
3645 2166 3891 2229 Sanctus
3917 2171 4025 2231 im-

2468 2256 2754 2325 mortalis,
2791 2256 2954 2335 quod
2983 2256 3141 2318 idem
3182 2279 3303 2328 non
3347 2270 3435 2322 est
3467 2263 3603 2322 cuin
3630 2261 3859 2343 hymno
3905 2263 4017 2325 tri-

2468 2346 2739 2427 umphali
2766 2369 2871 2411 seu
2893 2352 3182 2433 Angelico
3205 2354 3279 2416 de
3304 2375 3427 2435 quo
3456 2356 3632 2418 modo
3657 2355 3892 2437 loquuti
3919 2378 4017 2418 su-

2470 2461 2633 2515 mus,
2663 2454 2733 2504 ut
2758 2445 2912 2506 bene
2937 2446 3216 2509 observat
3244 2449 3422 2531 Hugo
3454 2451 3778 2512 Menardus
3806 2451 3867 2512 in
3897 2452 4019 2511 No·

2465 2535 2542 2597 tis
2566 2538 2644 2599 ad
2671 2538 3216 2624 Sacramentarium
3244 2543 3304 2603 S.
3339 2544 3610 2626 Gregorii
3640 2565 3774 2626 pag.
3832 2551 3924 2606 10.
3956 2552 4018 2608 et

2464 2630 2802 2694 Juveninus
2824 2633 2898 2695 de
2923 2634 3185 2708 Sacram.
3232 2636 3555 2700 dissertae5.
3602 2659 3664 2720 q.
3697 2645 3753 2701 8.
3786 2640 3861 2701 de
3886 2641 4012 2702 Eu-

2462 2723 2627 2788 char.
2658 2726 2868 2788 Sacris.
2903 2747 3033 2807 cap.
3081 2734 3139 2789 7.
3185 2729 3249 2813 §-
3285 2737 3344 2792 3.
3380 2732 3498 2806 ait,
3527 2732 3824 2815 hymnum
3854 2733 4014 2795 San·

2461 2831 2612 2891 ctus,
2644 2819 2890 2882 Sanctus
2907 2870 2922 2893 ,
2968 2821 3215 2904 Sanctus
3261 2825 3536 2887 Dominus
3566 2827 3717 2889 Deus
3758 2827 4012 2891 Sabaoth

2461 2913 2525 2974 in
2567 2915 2849 2976 omnibus
2889 2916 3101 2979 haberi
3131 2919 3421 3001 Liturgiis
3456 2930 3585 2982 tum
3610 2923 3842 2984 Latinis
3882 2931 4012 2984 tum

2458 3008 2729 3083 Graecis;
2774 3018 2834 3072 et
2872 3011 3206 3094 Trisagium
3252 3012 3497 3076 Sanctus
3529 3017 3714 3089 Deus,
3760 3016 4013 3079 Sanctus

2457 3104 2653 3181 fortis,
2684 3102 2930 3167 Sanctae
2965 3109 3303 3170 inmortalis
3336 3111 3885 3190 quotidie-Graecos
3905 3131 4012 3187 ,ca-

2457 3216 2601 3259 nere
2628 3198 2693 3259 in
2724 3200 3018 3279 principio
3047 3202 3382 3284 Liturgiae,
3415 3205 3659 3268 Latinos
3683 3226 3828 3269 vero
3853 3205 4010 3285 illud

2458 3290 2747 3353 adhibere
2780 3292 2955 3355 Feria
2984 3301 3215 3359 tantum
3243 3306 3410 3359 sexta
3436 3298 3500 3359 in
3535 3300 3876 3361 Parasceve.

2576 3390 2669 3446 19.
2706 3385 3041 3461 Postremo,
3079 3389 3364 3451 Sacerdos
3405 3411 3541 3452 cum
3565 3392 3643 3453 ad
3680 3393 3788 3454 illa
3821 3393 4003 3455 Prae·
4044 3412 4108 3508 n:
4165 3409 4347 3469 putu--

2455 3477 2695 3541 sationis
2741 3481 2927 3542 verba
2971 3482 3248 3565 pervenit
3283 3482 3563 3556 Sanctus,
3603 3486 3849 3547 Sanctus
3894 3498 3996 3548 etc.

4164 3483 4255 3511 clm

4043 3521 4342 3571 mito-dilt-

2456 3592 2670 3636 manus
2720 3574 3008 3637 hactenus
3058 3576 3325 3639 sublatas
3370 3586 3432 3639 et
3478 3588 3751 3642 extensas
3797 3581 4080 3679 jungitgt
4043 3538 4161 3680 teg&
4224 3587 4340 3627 ⁸⁸⁰·

2452 3674 2592 3728 ante
2616 3676 2850 3747 pectus,
2881 3668 3201 3749 etreliqua
3229 3670 3618 3733 praefationis
3643 3676 3829 3737 verba
3855 3695 4000 3737 voce
4039 3644 4128 3794 Ξιαι

4071 3766 4137 3796 lu·

2453 3778 2574 3822 non
2616 3761 2700 3823 ita
2738 3761 2895 3823 elata
2939 3762 3351 3842 prosequitur,
3384 3784 3519 3825 cum
3550 3766 3779 3830 interea
3813 3768 3997 3831 Mini-

2448 3862 2569 3916 ster
2618 3855 3048 3936 Campanulam
3077 3856 3345 3936 .pulsat;
3403 3859 3663 3941 denique
3713 3850 4001 3926 Sacerdos

2447 3969 2584 4010 cum
2618 3949 2791 4022 dicit,
2828 3948 3162 4027 Benedictus
3204 3954 3306 4030 qui
3343 3957 3491 4014 venit
3533 3958 3598 4015 in
3629 3959 3850 4018 nomine
3876 3956 3996 4017 Do-

2447 4047 2621 4115 mini,
2651 4055 2752 4105 etc.
2782 4062 2845 4105 se
2877 4043 3087 4125 erigit,
3124 4044 3363 4125 sibique
3388 4066 3425 4108 a
3454 4047 3652 4110 fronte
3682 4051 3758 4112 ad
3792 4058 3999 4131 pectus

2446 4137 2651 4200 Crucis
2695 4138 2934 4219 signum
2973 4139 3266 4218 producit.
3315 4140 3477 4203 Haec
3513 4144 3719 4207 omnia
3758 4163 3835 4206 ex
3875 4146 3996 4206 Ru-

2441 4231 2608 4294 brica
2632 4230 2909 4293 Missalis.
2939 4233 3030 4293 De
3058 4232 3352 4312 pulsanda
3378 4237 3735 4317 campanula
3772 4257 3995 4300 sermo-

2442 4345 2580 4389 nem
2626 4325 2985 4388 habebimus
3000 4371 3017 4400 ‚
3064 4347 3201 4389 cum
3251 4329 3325 4390 de
3366 4330 3698 4393 elevatione
3746 4332 3994 4395 Hostiae

2441 4419 2814 4482 disseremus.
2848 4421 3026 4501 Quod
3069 4431 3270 4484 autem
3298 4424 3571 4504 pulsatur
3608 4446 3745 4488 cum
3772 4426 3996 4489 dicitur

2441 4511 2718 4584 Sanctus,
2753 4514 3033 4587 Sanctus,
3080 4517 3318 4578 Macrus
3356 4519 3544 4579 verbo
3573 4518 3869 4599 Campana
3904 4521 3992 4583 ait

2438 4606 2500 4667 id
2527 4627 2634 4688 per
2660 4604 2914 4670 abusum
2950 4608 3119 4682 fierig
3150 4629 3292 4670 non·
3314 4610 3478 4670 enim
3511 4612 3739 4691 pulsari
3769 4613 3833 4673 in
3862 4614 3990 4694 pri-

2438 4710 2577 4762 vato
2610 4702 2824 4764 Palatii
2853 4703 3174 4783 Apostolici
3209 4704 3458 4777 sacello,
3490 4725 3627 4767 cum
3657 4705 3820 4787 Papa
3863 4709 3993 4791 pri-

2437 4803 2639 4857 vatam
2687 4796 2931 4858 Missam
2971 4796 3274 4869 celebrat,
3325 4796 3420 4858 vel
3465 4799 3736 4878 privatae
3771 4801 3989 4865 Missae

2438 4889 2622 4950 adest.
2659 4891 2831 4965 Quod
2860 4891 2909 4952 si
2938 4910 3147 4952 verum
3169 4900 3360 4964 esset,
3391 4912 3499 4971 per
3523 4894 3781 4965 abusum
3805 4896 3989 4959 etiam

2437 4982 2754 5045 dicendum
2780 4993 2931 5046 esset
2955 4983 3182 5065 pulsari
3218 4986 3636 5065 campanulam
3671 4989 3744 5049 ad
3785 4989 3986 5053 eleva-

2437 5076 2660 5139 tionem
2689 5077 2976 5151 Host‘iae3
3012 5097 3152 5139 nam
3203 5078 3267 5138 in
3310 5077 3528 5141 sacello
3556 5080 3869 5144 Pontificio
3908 5104 3988 5147 ne
4019 5157 4027 5165 ‚

2435 5172 2512 5232 ad
2526 5165 2920 5234 elevationem
2938 5172 3182 5251 quidem
3196 5172 3443 5235 Hostiae
3454 5173 3745 5254 pulsatur.
3762 5177 3987 5255 Quam·

2436 5266 2645 5328 obrem
2671 5265 3168 5339 concludendum,
3195 5267 3401 5328 Ritum
3428 5267 3708 5346 pulsandi
3734 5272 3986 5353 Campa-

2436 5360 2644 5437 nulam
2667 5361 2743 5422 a'd
2763 5360 3156 5422 elevationem
3173 5362 3536 5423 Sacramenti
3560 5363 3835 5427 adhiberi
3859 5387 3986 5430 coe-

2434 5462 2605 5536 ptum
2632 5453 2815 5517 etiam
2840 5455 2918 5517 ad
2947 5475 3018 5518 ea
3043 5456 3230 5518 verba
3247 5500 3265 5530 ,
3296 5454 3575 5528 Sanetus,
3607 5457 3854 5521 Sanctae
3880 5471 3980 5522 ete.

4111 3651 4162 3694 ⁸,
4225 3643 4342 3684 San-

4181 3700 4341 3742 Domi-
