4487 6316
1836 520 1959 575 Lm.
2001 519 2067 572 11.
2105 516 2250 574 CAP-
2286 522 2422 575 xvt.

3407 527 3502 575 tot

504 655 821 738 sponsione
839 657 917 719 ad
940 657 1182 719 tertium
1203 669 1624 743 argumentum
1646 663 1836 734 docet,
1863 663 2038 742 quin-
2092 673 2095 676 '
2144 681 2302 744 quae
2331 673 2461 744 post
2480 665 2996 730 Consecrationem
3020 687 3058 729 a
3078 666 3393 731 Sacerdote
3413 668 3572 733 fiunt
3595 689 3692 732 su-

503 750 623 829 que
643 750 848 811 Crucis
867 751 1035 832 signa
1056 753 1394 835 significare
1414 756 1683 836 quinque
1698 756 1840 816 Jesu
1863 756 2037 817 Chri-

500 842 573 902 sti
620 841 854 926 plagas:
897 844 990 910 Ad
1030 850 1555 926 repraesentandum
1583 851 1826 929 quinque
1843 852 2043 929 plaqae

507 931 727 995 Christi
735 938 800 1017 fit
819 940 1159 1018 quintuplex
1174 938 1595 1021 Crucesiqnatio
1614 962 1780 1024 super
1800 945 2047 1004 ittet-er-

502 1026 594 1088 ba.
620 1029 884 1090 Hostiam
905 1052 1134 1111 puram,
1164 1034 1709 1122 Hostiamgsanctam
1735 1085 1750 1107 ,
1778 1036 2043 1098 Hostiam

499 1123 922 1187 immaculatam
939 1176 953 1197 ‚
986 1126 1199 1188 Panem
1223 1127 1657 1193 mmtuvnfvitae
1674 1145 1928 1192 aeternae
1946 1179 1961 1202 ,
1990 1141 2042 1191 et

502 1216 752 1280 Calicem
790 1225 993 1283 salutis
1021 1235 1315 1305 perpetuae
1336 1249 1358 1293 .·
1385 1235 1605 1292 etcum
1641 1247 1713 1289 eo
1751 1226 2044 1288 consentit

497 1314 638 1377 Soto
673 1315 802 1377 loco
842 1317 940 1377 cit.
979 1317 1051 1377 In
1092 1323 1412 1382 memoriam
1451 1323 1754 1401 plaqarum
1796 1325 2042 1400 quinque

499 1410 645 1488 finnt
662 1409 711 1469 C
712 1414 1178 1490 rucesiynationee
1198 1434 1363 1494 super
1376 1413 1640 1477 Hostiam
1665 1428 1937 1477 sanctam.
1963 1417 2041 1477 Et

505 1503 572 1563 P.
600 1502 828 1565 Natalis
853 1504 1191 1567 Alexander
1213 1508 1353 1568 item
1384 1508 1589 1569 eadem
1616 1508 1759 1574 dicit
1780 1508 1910 1569 loco
1934 1509 2034 1570 cit.

504 1594 641 1657 Huc
662 1597 842 1659 etiam
874 1598 1015 1660 facit
1041 1587 1435 1674 consideratio
1458 1601 1765 1684 Micrologi
1787 1622 1915 1683 cap.
1945 1606 2037 1674 14.

502 1693 608 1772 q'ui
642 1691 787 1753 dicit
812 1691 1017 1754 Crucis
1049 1693 1217 1776 signa
1248 1693 1309 1754 in
1336 1695 1515 1757 Missa
1544 1695 1677 1757 fieri
1707 1695 1801 1758 vel
1828 1689 2041 1771 semel,

502 1786 597 1848 vel
629 1793 724 1847 ter
746 1831 763 1856 ‚
794 1785 888 1846 vel
917 1787 1242 1868 quinquies
1268 1785 1284 1848 ⁵:
1315 1789 1495 1850 semel
1523 1790 1767 1870 quidem
1803 1798 2043 1871 propter

500 1883 766 1942 essentiae
787 1885 1062 1956 unitatem
1080 1931 1095 1954 ,
1122 1892 1211 1944 ter
1234 1875 1463 1964 propfer
1486 1883 1819 1945 Trinitatem
1850 1883 2046 1946 Perso-

499 1995 708 2036 narum
733 2024 748 2046 ,
785 1983 846 2038 et
887 1976 1209 2057 quinquies·
1248 1989 1476 2058 propter
1519 1982 1765 2057 quinque
1807 1980 2042 2040 vulnera

501 2068 721 2130 Christi
752 2069 986 2131 Domini
1011 2119 1026 2142 ,
1058 2082 1107 2131 et
1142 2088 1457 2152 expressam
1486 2061 2042 2154 repraesentationem

499 2164 788 2227 Passionis
814 2166 953 2243 ejus.
976 2211 987 2216 -
1510 2215 1513 2216 ν
1542 2194 1556 2207 ⁴

224 2272 460 2318 munus
534 2272 540 2276 “
617 2264 675 2319 7.
701 2258 938 2332 Quibus
955 2258 1237 2319 omnibus
1253 2259 1466 2324 inutile
1490 2269 1550 2321 et
1570 2259 2040 2341 inopportunum

163 2331 318 2435 ἓξ,
361 2345 458 2376 ’“”
500 2350 968 2432 deprehenditur
995 2352 1159 2432 quod
1181 2353 1560 2416 Maldonatus
1577 2355 1808 2434 scripsit
1833 2354 1896 2415 in
1928 2360 2044 2416 tra-

500 2455 659 2509 ctatu
684 2447 758 2507 de
786 2447 1002 2512 Missae
1032 2445 1434 2509 Caeremoniis
1461 2494 1476 2521 ‚
1520 2449 1786 2510 nondum
1816 2457 1887 2522 ut
1928 2468 2040 2529 pu-

501 2548 696 2603 tamus
715 2541 875 2623 typis
901 2540 1173 2623 vulgato:
1196 2540 1280 2601 Si
1304 2543 1461 2603 hod‘w
1489 2543 1749 2604 Ecclesia·
1770 2544 1929 2603 vellet
1955 2562 2040 2603 re-

490 2654 740 2716 purqare
767 2637 1137 2695 caeremonias
1164 2682 1179 2705 ,
1210 2656 1352 2714 qnae
1383 2638 1567 2695 minus
1596 2637 1782 2696 decent
1804 2655 1921 2696 rem
1944 2655 2040 2697 sa-

496 2747 675 2799 cram,
707 2739 810 2789 ant
831 2730 968 2789 adeo
994 2740 1127 2789 eunt
1155 2732 1380 2789 omnino
1406 2732 1657 2802 inutiles,
1683 2732 1848 2791 libere
1873 2740 1924 2790 et
1945 2732 2039 2790 in-

503 2829 674 2902 qen‘ue
699 2824 933 2891 dicerem
953 2872 967 2893 ,
996 2843 1170 2884 meam
1198 2818 1515 2906 opinionem'
1536 2845 1644 2885 esse
1660 2873 1674 2895 ,
1700 2835 1763 2886 ut
1789 2823 2043 2886 Concilio

503 2913 862 2976 oecumenico
882 2917 1281 2987 dee-emeretur,
1296 2919 1520 2977 nullum
1546 2920 1769 2995 eiynum
1789 2919 2046 2984 adhiberi

492 3019 619 3092 poet
646 3009 1142 3071 Censet-rationem.
1166 3011 1485 3073 Existimat
1508 3011 1671 3072 enim
1697 3011 1867 3093 signa
1889 3012 2040 3073 Cru-

498 3104 741 3179 cis-fieri
770 3105 847 3168 ad
880 3105 1349 3168 benedicendum
1382 3106 1653 3168 Hostiam
1676 3114 1736 3169 et
1780 3106 2038 3170 Calicem

492 3199 623 3282 Jam
651 3196 1081 3271 consecratum:
1109 3201 1272 3280 quod
1301 3201 1547 3262 omnino
1582 3198 1800 3262 falsum
1829 3198 1938 3273 oet,
1971 3209 2040 3263 ut

496 3302 733 3375 praeter
761 3313 831 3356 ea
861 3312 1017 3375 quae
1044 3293 1332 3356 hactenus
1358 3294 1621 3356 diximus
1647 3341 1663 3368 ‚
1697 3295 2041 3358 observavit

495 3376 834 3469 Stephanus
851 3387 1404 3469 Augustodunensis
1418 3396 1587 3449 tract.
1609 3388 1685 3450 de
1697 3387 2041 3450 Sacramen-

497 3488 560 3545 to
587 3481 808 3543 Altaris
831 3501 961 3562 cap.
995 3485 1087 3542 17.
1110 3479 1319 3545 Oblata
1340 3503 1454 3566 non
1483 3484 1771 3552 benedicit,
1800 3493 1868 3543 ut
1890 3503 2035 3556 eum,

494 3596 536 3638 a
565 3596 673 3655 qno
699 3588 774 3636 eet
801 3579 981 3636 omnis
1005 3578 1375 3658 sanctificatio
1405 3626 1421 3647 ,
1455 3579 1537 3639 tel
1563 3578 1627 3637 de
1655 3578 1815 3655 eujus
1854 3580 2039 3657 pleni-

501 3671 694 3731 tudine
714 3686 895 3731 omnes
923 3691 1020 3731 noe
1047 3673 1375 3751 accepimns,
1404 3672 1871 3752 sanctifieeoee'eeet
1893 3674 2040 3732 enim

497 3762 838 3840 absurdum;
865 3763 1048 3843 idque
1075 3763 1255 3825 etiam
1285 3764 1545 3847 ingenue
1573 3764 1793 3826 fatetur
1819 3764 2040 3826 Vertus

497 3863 641 3930 tom.
683 3861 736 3916 1.
770 3877 905 3939 pag.
948 3861 1080 3917 190.
1960 3888 1965 3891 ’

158 3973 288 4019 ιη...
322 3976 458 4017 ι...-
616 3956 675 4012 8.
729 3948 906 4024 Quod
942 3949 1118 4010 modo
1148 3949 1224 4013 de
1259 3949 1587 4012 Maldonati
1620 3950 1914 4011 sententia
1941 3950 2036 4010 di-

188 4032 459 4144 ‘fflffiffi’ffi
500 4044 699 4105 ximus
720 4089 737 4117 ‚
773 4036 1039 4105 idresert
1059 4043 1238 4104 etiam
1261 4044 1483 4105 Auctor
1508 4052 1789 4105 tractatus
1805 4043 1880 4104 de
1899 4042 2038 4104 Mis-

155 4102 454 4210 ἕῖἕωῑῆωι
495 4158 561 4201 sa
598 4146 658 4200 et
693 4136 915 4199 nivino
950 4137 1159 4198 officio
1198 4137 1490 4199 secundae
1528 4137 1670 4199 edit.
1718 4136 2025 4199 parisien.

157 4205 453 4316 ξηῗῖηᾛῗῗ
497 4253 641 4297 ann.
683 4236 855 4310 1714.
888 4251 1022 4313 pag.
1056 4224 1091 4291 '1
1103 4236 1197 4291 35.
1225 4228 1465 4311 aitque,
1487 4231 1694 4293 Crucis
1710 4232 1879 4313 signa
1901 4238 2034 4312 post

155 4317 452 4418 ffmssm
494 4326 1007 4390 Consecrationem
1040 4333 1220 4411 super
1251 4324 1523 4397 Hostiam
1556 4333 1616 4388 et
1643 4325 1900 4387 Calicem
1943 4326 2030 4387 nil

492 4421 661 4484 aliud
692 4419 807 4480 sibi
842 4416 1026 4491 velle,
1068 4439 1252 4499 quam
1283 4426 1353 4480 ut
1374 4419 1633 4480 innuant
1671 4419 2026 4499 expressius,

488 4512 866 4575 Sacerdotem
895 4520 1037 4573 tunc
1072 4511 1150 4573 de
1173 4512 1312 4573 Jesu
1338 4511 1574 4573 Christo
1601 4511 1902 4572 Crucifixo
1942 4511 2032 4574 lo-

488 4607 616 4689 qui.
645 4608 723 4668 Et
751 4605 1059 4668 Gilbertus
1079 4606 1371 4667 Grimaud
1404 4605 1466 4666 in
1494 4605 1767 4686 Liturgia
1798 4625 1927 4686 par.
1965 4611 2021 4667 3.

484 4694 614 4780 cap.
632 4705 688 4760 3.
708 4700 830 4760 duo
849 4698 1183 4761 considerat
1193 4698 1679 4759 Benedictionum
1703 4718 1921 4780 genera
1935 4718 2029 4761 oc-

483 4813 726 4855 currere
755 4793 819 4853 in
842 4793 1026 4853 sacris
1062 4793 1333 4874 paginis3
1365 4792 1653 4873 quasdam
1682 4791 2020 4866 efficientes,

484 4905 641 4966 quae
668 4905 845 4947 suum
889 4884 1162 4947 effectum
1206 4886 1543 4966 producunt
1580 4883 1708 4946 s'ive
1739 4885 2025 4947 virtutem

482 4979 609 5040 sive
638 4977 1023 5058 qualitatem,
1060 4979 1186 5040 sive
1226 4978 1615 5040 mutationem
1641 4978 1922 5058 ‘aliquam
1957 4978 2021 5039 in

480 5090 551 5133 ea
598 5092 694 5146 re,
740 5090 898 5151 quae
929 5072 1303 5134 benedicitur
1331 5094 1347 5145 ς
1380 5073 1670 5161 quasdam
1709 5091 1853 5134 vero
1877 5072 2020 5134 effe-

475 5164 660 5225 ctivas
684 5209 701 5237 ,
742 5183 900 5244 quae
928 5166 1007 5227 ab
1049 5163 1258 5229 effectu
1300 5168 1562 5247 quodam
1593 5186 1696 5229 seu
1727 5165 2021 5229 desiderio

475 5255 641 5318 illius
660 5299 664 5304 -
681 5259 1036 5338 prodeuntes
1063 5306 1080 5334 ,
1124 5260 1230 5341 qui
1266 5260 1601 5334 benedicit,
1650 5261 1881 5327 nullam
1930 5260 2017 5322 rei

474 5342 817 5414 benedictae
849 5355 1239 5416 mutationem
1269 5355 1528 5416 afferunt
1549 5400 1566 5428 ‚
1595 5363 1776 5435 atque
1800 5355 1878 5417 ad
1904 5353 2019 5416 hoc

473 5462 662 5524 genus
686 5443 1028 5511 referendas
1067 5467 1193 5511 esse
1220 5447 1522 5510 concludit
1548 5449 2012 5523 Benedictiones,

2147 776 2253 837 per
2281 757 2509 838 Corpus
2540 768 2597 846 et
2624 762 2989 842 Sanguinem
3020 760 3262 822 Christi.

2267 858 2324 912 9.
2374 854 2580 934 Neque
2607 855 2706 916 hic
2736 855 3036 917 silendum
3062 855 3137 916 de
3156 874 3225 916 ea
3267 856 3521 931 actione,
3552 876 3690 919 cum
3731 878 3853 923 ninu-
3881 887 4021 924 «ιω..-

2146 944 2431 1006 Sacerdos
2455 956 2588 1026 post
2602 948 3116 1014 Censet-rationem
3147 948 3298 1008 duos
3315 948 3547 1031 *digitos
3568 951 3692 1031 pol-
3731 934 4024 1042 ‘flffiejss'd‘ss‘t

2150 1037 2323 1108 licem
2354 1048 2414 1100 et
2439 1041 2695 1103 indicem
2716 1042 2939 1123 jungit,
2970 1061 3122 1122 quos
3157 1062 3275 1103 non
3300 1044 3581 1127 sejungit,
3607 1049 3694 1105 ni-
3733 1008 3908 1094 l'g'ie‘m
3955 1110 3963 1119 ‚
3998 1070 4023 1098 ο

2148 1133 2200 1191 si
2240 1134 2466 1211 quando
2496 1134 2761 1197 Hostiam
2787 1148 3161 1214 consecratam
3189 1148 3411 1216 tanqere
3443 1141 3527 1199 cel
3569 1151 3691 1201 tra·
3732 1110 4014 1206 gumano-

2147 1237 2301 1287 ctare
2335 1228 2486 1288 debet
2521 1250 2692 1308 usque
2733 1230 2810 1291 ad
2848 1233 3187 1293 ablutionem
3228 1231 3535 1310 diqitornm
3573 1245 3694 1313 poet
3732 1223 3929 1323 Ilm·
3957 1229 4023 1326 ὲ

2153 1319 2627 1408 Communionem.
2670 1323 2764 1384 Ad
2805 1323 2961 1385 hanc
3006 1323 3330 1385 Rubricam
3370 1335 3538 1391 notat
3572 1329 3694 1389 Ga-
3734 1343 3883 1383 mn·-

2154 1423 2373 1474 vantus
2395 1460 2411 1487 ‚
2469 1415 2700 1477 nullam
2733 1416 2916 1498 hujus
2970 1417 3162 1498 Ritus„
3181 1413 3391 1479 haberi
3438 1420 3693 1481 mentio-

2152 1524 2291 1566 nem
2322 1507 2387 1566 in
2424 1509 2727 1570 veteribus
2758 1509 2958 1583 libris;
2991 1511 3385 1589 quamobrem
3422 1511 3695 1575 Microlo-

2151 1619 2263 1680 gus
2288 1600 2460 1662 illum
2491 1603 2845 1685 impugnare
2873 1604 2938 1664 in
2968 1604 3171 1671 animo
3193 1605 3441 1670 habuit.
3465 1607 3695 1669 Verum

2151 1694 2233 1753 1).
2255 1693 2524 1762 Thomas
2542 1695 2652 1757 loc.
2686 1696 2787 1757 eit.
2825 1696 2888 1757 in
2912 1716 3176 1777 respons.
3212 1697 3289 1758 ad
3309 1698 3589 1778 quintum
3610 1699 3699 1762 af-

2151 1785 2270 1849 fert
2301 1790 2430 1870 ejus
2476 1789 2648 1851 Ritus
2686 1789 3005 1851 rationem:
3036 1791 3257 1870 Diqitoe
3287 1802 3475 1853 autem
3497 1795 3696 1872 junqit

2144 1891 2269 1961 post
2307 1880 2789 1945 consecrationem
2816 1932 2833 1955 ‚
2863 1887 3071 1945 scilicet
3095 1886 3356 1964 pollicem
3383 1906 3512 1946 cum
3540 1888 3697 1947 indi-

2148 1994 2205 2036 ee
2227 2021 2243 2045 ,
2280 1978 2481 2055 quibus
2513 1976 2730 2058 Cor-pue
2760 1977 2979 2039 Christi
2999 1989 3383 2045 ,commatum
3411 1983 3691 2059 tetiqerat,

2147 2079 2212 2126 nt
2241 2070 2293 2127 si
2318 2089 2432 2147 qua
2452 2063 2745 2149 particula
2765 2072 2957 2150 diqitis
2979 2073 3316 2143 adhaeserit,
3341 2092 3455 2133 non
3479 2075 3694 2155 disper-

2145 2163 2344 2240 thur:
2374 2165 2521 2241 quod
2544 2167 2787 2245 pertinet
2812 2166 2889 2226 ad
2917 2169 3282 2227 reverentiam
3307 2167 3689 2230 sacramenti.

2278 2261 2371 2332 10.
2407 2258 2478 2320 In
2529 2260 3056 2342 progressu-hujus
3081 2260 3385 2322 Orationis
3410 2261 3702 2326 Sacerdos
3734 2275 4022 2344 ‚zxptmtue

2148 2350 2346 2419 Deum>
2366 2361 2498 2414 orat
2523 2397 2540 2425 ‚
2581 2362 2650 2414 ut
2679 2354 2939 2434 propitio
2971 2363 3033 2416 et
3055 2374 3265 2417 sereno
3301 2356 3471 2418 vultu
3501 2358 3690 2438 respi-
3730 2331 3838 2448 {¹¹22ss
3881 2336 4022 2451 „⁵222

2145 2435 2280 2505 cere
2305 2444 2585 2525 dignetur
2617 2447 2694 2508 ad
2722 2446 2925 2509 oblata
2963 2447 3077 2508 sibi
3114 2449 3273 2510 dona
3306 2449 3585 2530 Corporis
3630 2453 3850 2549 εἴξειε
3877 2465 4024 2552 ’mn-⁸⁰

2146 2536 2470 2619 Sanguinis
2502 2540 2722 2607 Christi
2748 2586 2765 2614 ‚
2799 2561 2926 2620 non
2955 2542 3116 2622 quod
3144 2588 3161 2616 ‚
3209 2550 3278 2603 ut
3304 2543 3523 2606 delirat
3566 2546 3688 2605 Lu·-
3729 2520 4022 2629 mm'sstm-

2148 2631 2356 2693 therus
2378 2678 2394 2705 ,
2426 2643 2666 2705 censeat,
2696 2655 2759 2696 se
2792 2636 3177 2698 mediatorem
3218 2657 3349 2702 esse
3380 2637 3538 2699 inter
3577 2631 3690 2701 Pa-
3732 2620 4023 2721 mannan-

2150 2733 2320 2794 trem-
2349 2735 2411 2788 et
2439 2728 2742 2790 Christum
2768 2774 2785 2802 ,
2829 2730 2932 2796 sed
2964 2731 3110 2810 quia
3136 2776 3153 2804 ‚
3205 2731 3314 2792 etsi
3356 2732 3518 2798 Patri
3567 2734 3694 2795 Deo

2148 2839 2381 2901 semper
2407 2830 2645 2902 accepta
2672 2833 2760 2885 est
2792 2823 3034 2885 Oblatio
3066 2832 3195 2886 tum
3235 2845 3310 2886 ex
3337 2834 3509 2906 parte
3555 2827 3643 2889 rei
3671 2872 3689 2902 ,

2148 2931 2306 2993 quae
2337 2914 2588 2977 offertur
2610 2963 2627 2991 ,
2667 2925 2795 2990 tum
2831 2937 2908 2978 ex
2948 2926 3118 2998 parte
3155 2918 3417 2991 Christi,
3459 2920 3566 3009 qui
3605 2926 3696 2982 est

2151 3006 2404 3093 Oplator
2434 3010 2792 3091 praecipuus
2816 3032 2833 3085 ς
2868 3020 3064 3073 tamen
3086 3032 3223 3073 cum
3250 3012 3435 3092 possit
3459 3013 3694 3076 contin-

2148 3121 2320 3186 gere,
2351 3111 2421 3165 ut
2444 3122 2522 3166 ex
2544 3114 2715 3187 parte
2733 3106 2830 3169 vel
2851 3106 3184 3169 Sacerdotis
3212 3107 3307 3169 vel
3332 3107 3542 3188 Populi
3568 3128 3690 3173 non

2148 3197 2226 3259 sit
2267 3206 2505 3279 accepta
2528 3245 2546 3274 ,
2585 3209 2899 3281 propterea
2927 3202 3211 3277 Sacerdos
3254 3204 3444 3263 Deum
3481 3203 3693 3283 depre-

2149 3300 2343 3365 catur,
2384 3302 2454 3355 ut
2483 3294 2742 3375 propitio
2765 3304 2826 3357 et
2852 3315 3061 3357 sereno
3083 3295 3257 3357 vultu
3282 3294 3485 3357 oblata
3513 3297 3696 3376 respi-

2148 3384 2311 3459 ciat,
2347 3394 2416 3448 ut
2446 3387 2725 3450 observat
2766 3389 3115 3454 Bellarmin.
3149 3396 3290 3449 tom.
3334 3394 3392 3449 3.
3439 3390 3693 3451 Contro-

2151 3499 2308 3541 vers.
2348 3480 2458 3543 lib.
2501 3487 2559 3542 6.
2601 3482 2676 3544 de
2712 3483 2893 3545 Missa
2937 3502 3067 3563 cap.
3110 3487 3209 3543 24.
3250 3481 3447 3561 Neque
3475 3484 3574 3543 hoc
3613 3494 3693 3544 est

2148 3593 2312 3634 orare
2336 3594 2443 3654 pro
2478 3573 2696 3636 Christi
2722 3578 3168 3637 reconciliatione
3200 3577 3277 3638 ad
3305 3576 3566 3647 Patrem,
3598 3578 3693 3637 sed

2140 3685 2252 3746 pro
2281 3677 2476 3745 nostra
2499 3670 2690 3748 potine
2723 3669 3077 3749 infirmitate.-
3127 3671 3230 3728 etsi
3268 3671 3417 3729 enim
3463 3666 3695 3731 Oblatio

2148 3770 2480 3823 consecrata*
2496 3778 2570 3821 ex
2591 3771 2757 3841 parte
2780 3764 2886 3832 rei,
2917 3781 3058 3839 quae
3081 3760 3338 3841 offertur,
3376 3769 3425 3821 et
3455 3781 3530 3821 ex
3550 3782 3695 3843 par·

2150 3863 2200 3914 te
2234 3850 2460 3914 ,Christi
2482 3856 2821 3935 principalis
2858 3853 3156 3935 offerentis
3184 3875 3393 3935 semper
3418 3853 3534 3916 Deo
3561 3858 3692 3936 pla-

2144 3955 2265 4007 ceat
2291 3993 2308 4017 ‚
2353 3951 2538 4007 tamen
2564 3966 2639 4006 ex
2662 3958 2827 4027 parte
2859 3946 3128 4009 Ministri
3153 3995 3170 4018 ‚
3213 3949 3299 4007 vel
3333 3946 3545 4027 Populi
3584 3950 3690 4010 acl-.-

2144 4043 2370 4111 etantis,
2401 4044 2502 4119 qui
2532 4042 2704 4101 sinam
2737 4044 2906 4102 etiam
2934 4041 3176 4123 offemnt
3196 4089 3213 4112 ‚
3241 4052 3417 4122 potest
3439 4044 3695 4123 nonplan

2142 4153 2280 4194 cere.
2327 4133 2396 4197 Id
2423 4137 2603 4213 initur
2641 4145 2718 4194 est
2756 4136 2903 4213 quod
2935 4137 3177 4216 petimus
3203 4180 3220 4206 ‚
3258 4146 3324 4195 ut
3350 4133 3499 4195 Dens
3521 4127 3684 4194 'beni-

2138 4247 2242 4307 qne
2285 4224 2544 4309 respiciat
2598 4230 2696 4289 noe
2743 4248 2948 4288 munus
2992 4240 3058 4288 ut
3114 4249 3153 4291 a
3203 4230 3359 4288 nobis
3404 4226 3682 4309 offen-mr:

2137 4322 2643 4409 quemadmodum
2671 4322 2853 4384 etiam
2875 4322 2938 4383 in
2958 4322 3216 4384 eundem
3241 4321 3483 4383 modum
3501 4333 3680 4401 para-

2138 4415 2437 4496 phrastice
2461 4406 2721 4496 explicat
2745 4418 2968 4483 Auctor
2988 4418 3298 4478 Tractatus
3319 4414 3535 4477 Missae
3565 4402 3681 4476 Pa-

2134 4509 2422 4575 ,rochialis
2452 4510 2696 4589 Parisiis
2716 4524 2879 4572 anno
2913 4514 3085 4591 1714.
3119 4529 3229 4590 cap
3260 4515 3316 4570 9.
3366 4509 3680 4587 Praeterea

2137 4603 2422 4665 Sacerdos
2453 4606 2645 4666 Deum
2675 4613 2849 4678 orat,
2881 4614 2952 4666 ut
2973 4602 3148 4666 sacra*
3174 4604 3333 4665 dona
3361 4602 3446 4663 sic
3467 4601 3679 4683 digne-

2136 4706 2235 4758 tur
2253 4695 2540 4777 accipere‚
2556 4698 3060 4777 quemadmodum
3078 4694 3302 4776 accepit
3319 4693 3524 4756 Abelis
3548 4713 3678 4754 mu-

2135 4809 2281 4859 nera
2308 4836 2326 4865 ,
2369 4801 2430 4851 et
2480 4792 2761 4853 Abrahae
2810 4790 3182 4852 Sacrificium
3209 4834 3227 4863 ,
3272 4797 3332 4851 et
3370 4787 3534 4867 quod
3580 4784 3675 4855 illi

2131 4885 2278 4945 olim
2326 4885 2756 4947 Melchisedech
2784 4884 3023 4946 obtulit.
3069 4882 3074 4887 ’

2253 4983 2349 5039 11.
2396 4980 2523 5040 Deo
2577 4979 2727 5040 Abel
2772 4978 2995 5052 obtulit
3035 4975 3431 5059 primogenita
3479 4973 3677 5057 gregis
3713 4979 4011 5097 {iffi-533&

2128 5071 2222 5132 sui
2253 5072 2467 5133 Genes.
2493 5092 2621 5153 cap.
2651 5077 2709 5133 4.
2742 5072 2883 5151 Abel
2910 5092 3123 5151 quoqne
3152 5071 3356 5131 obtulit
3375 5071 3440 5129 de
3455 5070 3671 5149 primo-
3715 5108 3757 5143 ,ι
3781 5100 4000 5143 mmm„

2127 5168 2331 5244 9enitie
2362 5169 2543 5245 qreqie
2579 5169 2672 5227 eui
2696 5214 2710 5233 ,
2757 5177 2808 5226 et
2845 5167 3105 5246 adipibus
3127 5184 3357 5239 eorunm
3382 5173 3449 5221 ·et
3489 5180 3671 5242 respe-
3711 5157 3998 5211 fflsdw

2126 5261 2222 5319 oeit
2262 5259 2537 5320 Dominus
2561 5259 2802 5321 uetabat
2843 5271 2894 5320 et
2934 5261 3270 5321 admunera
3307 5258 3447 5335 ejus:
3479 5248 3556 5315 Et
3596 5252 3663 5314 in
3702 5284 3844 5312 eumn
3899 5271 3995 5312 m·-

3711 5213 3971 5270 pia-emm

3703 5326 3863 5382 bornum
3874 5328 3992 5369 Sien-

2126 5350 2378 5431 epistola
2399 5352 2476 5413 ad
2493 5351 2805 5435 „Haebreos
2824 5372 2955 5434 cap.
2988 5356 3079 5413 11.
3115 5350 3356 5432 legitur:
3377 5346 3517 5407 Fide
3537 5345 3664 5425 ple-
3704 5384 3734 5425 ,3
3751 5384 3998 5442 ww„

2123 5447 2334 5508 rimam
2367 5447 2633 5510 Hostiam
2671 5447 2847 5519 Abel,
2892 5468 3064 5528 quam
3102 5443 3255 5506 Cain
3288 5438 3659 5509 obtulit-Deo,
3702 5438 3798 5484 Μ*
3848 5440 3992 5500 ⁶⁵⁸⁰·-
