4487 6316
1673 506 1897 564 RERUM
1937 503 2361 560 NO'l'Ammu-st

444 667 510 709 an
529 655 677 725 ‘apud
697 656 990 710 orientales
1013 655 1191 724 plures
1211 651 1401 707 eodem
1426 652 1514 707 die
1537 654 1725 706 Missas
1752 655 1815 706 ad
1836 655 1980 707 idem

445 746 616 798 Altare
642 743 907 796 celebrare
936 746 1143 807 liceret,
1181 744 1387 795 censuit
1412 742 1468 796 id
1506 760 1616 794 non
1645 760 1759 794 esse
1797 742 1985 795 admit-

451 833 667 885 tendum
687 870 702 894 ,
742 831 833 883 sed
864 834 1041 900 potius
1068 831 1388 894 curandum,
1428 839 1483 881 nt
1511 831 1565 881 in
1604 830 1785 882 eadem
1812 832 1986 883 Eccle-

444 924 522 973 sia
577 923 727 990 plura
777 923 1228 973 constituerentur
1277 918 1466 970 Altaria
1485 956 1500 983 ,
1553 920 1634 970 vel
1673 917 1980 971 Sacerdotes

449 1009 911 1071 concelebrarentg
939 1008 1284 1076 monuitque,
1323 1015 1380 1058 ut
1404 1023 1467 1059 ex
1492 1007 1846 1075 quorumdam
1875 1007 1984 1059 ani-

451 1099 554 1149 mis
593 1115 744 1150 error
780 1099 1117 1162 evelleretur,
1161 1096 1333 1163 rumpi
1375 1096 1633 1162 jejunium
1673 1114 1768 1164 per
1802 1112 1984 1148 secun-

446 1188 567 1240 dam
596 1188 812 1239 Missam
841 1185 905 1237 ad
933 1185 1072 1237 idem
1100 1184 1271 1238 Altare
1308 1182 1718 1237 celebrationem
1737 1222 1751 1250 ,
1792 1186 1827 1236 1.
1855 1186 1906 1237 3.
1936 1203 1982 1240 c.

443 1279 492 1329 δ.
521 1295 574 1328 n.
604 1278 654 1328 6.

555 1364 815 1434 Specialis‘
847 1363 1200 1431 congregatio
1239 1380 1265 1412 a
1291 1360 1578 1414 Benedicto
1605 1361 1744 1413 XIV.
1769 1359 1982 1427 deputa-

445 1464 498 1506 ta
523 1453 710 1506 sedulo
737 1451 1078 1512 examinavit,
1118 1466 1181 1501 an
1228 1449 1289 1500 ad
1318 1447 1685 1517 Hispaniarum
1706 1486 1719 1511 ,
1759 1457 1808 1500 et
1837 1450 1985 1500 Lusi-

451 1543 622 1594 taniae
649 1543 843 1608 Regum
885 1539 1168 1605 petitiones
1197 1535 1572 1589 Sacerdotibus
1594 1537 1654 1585 in
1684 1553 1868 1587 eorum
1905 1535 1983 1585 di·

446 1623 595 1680 tione
644 1625 1102 1678 commorantibus
1153 1622 1537 1692 indulgendum
1590 1631 1757 1686 esset,
1802 1632 1859 1673 ut
1894 1622 1982 1675 die

446 1712 975 1766 commemorationis
1015 1712 1255 1762 omnium
1286 1709 1557 1763 Fidelium
1598 1710 1980 1761 Defunctorum

446 1814 549 1855 tres
586 1804 774 1854 Missas
820 1799 1082 1852 celebrare
1134 1808 1381 1867 possent,
1433 1806 1485 1849 et
1534 1798 1755 1867 quinam
1811 1796 1982 1850 eidem

442 1888 855 1958 congregationi
886 1887 1148 1955 *adscripti
1189 1886 1412 1950 fuerint,
1452 1884 1659 1954 etquid
1694 1886 1984 1951 senserint,

449 1975 696 2048 Append.
726 1976 777 2028 4.
807 1975 864 2026 in
893 1973 976 2027 lie.
1001 1973 1194 2042 Apose.
1222 1974 1269 2048 fi.
1307 1975 1481 2041 Quum
1511 1973 1696 2042 itaque
1729 1984 1782 2025 et
1801 1991 1907 2042 seq.

1029 2150 1393 2203 Consecratio.

560 2329 914 2397 Templorum
940 2325 1284 2378 Consecratio
1323 2343 1349 2375 a
1378 2326 1431 2377 S.
1458 2326 1697 2376 Evaristo
1735 2341 1844 2375 non
1886 2324 1989 2376 fuit

447 2417 763 2484 excogitata·
792 2414 881 2483 qni
912 2414 1085 2464 solum
1116 2413 1324 2481 aliquos
1362 2412 1496 2463 ritus
1525 2411 1762 2475 addidit,
1791 2414 1827 2463 1.
1859 2415 1909 2464 1.
1940 2430 1987 2466 c.

451 2506 500 2556 1.
524 2520 581 2555 a.
610 2506 663 2555 9.
693 2501 800 2556 Sub
830 2501 1182 2555 Constantino
1212 2500 1438 2568 Templa
1466 2499 1681 2551 fuerunt
1717 2516 1992 2553 consecra-

451 2602 531 2657 ta,
572 2599 621 2643 et
659 2588 860 2657 jamdiu
901 2586 988 2638 hic
1016 2589 1150 2638 ritus
1201 2586 1255 2636 in
1296 2604 1392 2637 usn
1433 2586 1632 2647 fuerat,
1671 2604 1985 2655 quamquam

453 2678 881 2747 persecutionum
923 2683 1164 2741 tempore
1200 2672 1552 2725 intermissus.
1581 2675 1656 2725 Ex
1693 2674 1853 2725 veteri
1885 2675 1989 2726 Te·
2058 2719 2059 2724 ,

450 2774 711 2819 stamento
754 2765 807 2814 in
848 2778 1046 2813 novum
1082 2761 1387 2830 Apostolica
1439 2761 1775 2812 institutione
1815 2761 1990 2813 tradu-

454 2864 568 2907 ctus
606 2855 661 2904 in
688 2852 922 2904 Ecclesia
946 2850 1203 2902 Orientali
1242 2858 1294 2900 et
1318 2848 1645 2902 occidentali
1686 2851 1860 2900 statim
1915 2852 1989 2901 vi·

455 2943 586 3010 guit,
617 2940 688 2992 ib.
715 2938 1066 2991 Adumbratus
1106 2936 1207 2988 fuit
1233 2953 1328 3003 per
1359 2937 1680 2988 tabernaculi
1720 2953 1990 2989 consecra·

452 3031 654 3080 tionem
684 3047 709 3077 a
736 3029 947 3094 Moyse,
975 3042 1033 3075 ac
1060 3041 1154 3093 per
1181 3024 1394 3090 Templi
1426 3023 1811 3075 dedicationem
1842 3044 1867 3075 a
1908 3027 1994 3075 Sa-

454 3121 701 3180 lomone,
727 3123 777 3167 et
802 3111 1151 3175 machabaeis,
1190 3127 1242 3161 n.
1273 3113 1355 3163 10.
1385 3112 1531 3163 Hunc
1559 3112 1715 3164 ritum
1743 3111 1993 3164 Calvinus

455 3207 670 3269 irridet,
698 3204 789 3257 sed
814 3218 1119 3272 perperam,
1147 3217 1199 3251 n.
1231 3202 1316 3252 1⁰.
1362 3216 1365 3223 ⁴

562 3293 816 3346 Altarium
844 3289 1188 3343 consecratio
1214 3306 1278 3340 ex
1305 3287 1578 3339 infusione
1606 3288 1709 3340 olei
1741 3298 1854 3340 orta
1882 3296 1994 3353 est,

458 3400 566 3451 quo
593 3379 755 3435 Jacob
785 3378 1014 3446 lapidem
1040 3377 1215 3437 unxit,
1243 3384 1291 3426 et
1322 3374 1448 3426 inde
1474 3391 1598 3425 usus
1627 3376 1731 3427 olei
1763 3376 1814 3425 in
1839 3378 1997 3428 Tem·

458 3471 670 3537 plorum
692 3505 705 3531 ,
744 3476 798 3519 et
822 3463 1077 3516 Altarium
1105 3461 1532 3525 consecratione,
1562 3463 1595 3512 1.
1630 3465 1675 3513 1.
1708 3479 1754 3514 c.
1780 3462 1835 3514 2.
1862 3480 1913 3513 n.
1940 3463 1996 3515 2.

560 3554 939 3615 Consecratio,
980 3568 1112 3620 quae
1150 3550 1204 3600 fit
1235 3552 1394 3601 Sacro
1419 3548 1748 3613 Chrismate,
1777 3551 1995 3618 Episco-

458 3660 531 3710 po
558 3650 867 3703 reservatur,
895 3657 941 3690 e.
968 3655 1045 3706 gr.
1077 3638 1448 3704 Templorum,
1474 3634 1748 3698 Altarium,
1773 3637 1994 3703 Calicis,

457 3738 511 3782 et
531 3729 779 3788 Patenae,
810 3727 845 3777 1.
875 3728 922 3776 1.
952 3741 998 3777 e.
1028 3725 1082 3776 l.
1120 3714 1253 3775 η.’1.
1278 3736 1333 3775 et
1356 3723 1410 3775 2.
1439 3724 1686 3794 Append.
1715 3724 1767 3775 2.
1798 3724 1845 3797 5.
1886 3742 1998 3776 ma·

456 3816 611 3868 :rime
636 3825 688 3865 et
710 3829 820 3878 seq.

566 3901 643 3953 Ad
672 3899 891 3966 Altaris,
932 3906 986 3951 et
1022 3906 1198 3967 petrae
1227 3900 1413 3951 Sacrae
1451 3899 1902 3952 consecrationem
1941 3900 1996 3951 in

459 3993 533 4044 iis
559 3989 816 4060 reliquiae
843 3990 1156 4040 Sanctorum
1194 3986 1506 4039 condendae
1532 3997 1683 4054 sunt,
1724 3990 1760 4040 l.
1785 3988 1838 4039 2.
1869 4005 1915 4040 c.
1945 3989 1996 4042 3.

457 4097 514 4131 n.
541 4080 595 4132 8.

752 4159 1103 4215 Consecratio
1135 4159 1339 4225 Panis,
1381 4171 1434 4210 ee
1469 4160 1611 4214 Vini.

572 4343 736 4408 Huius
775 4317 1192 4389 consecrationis
1232 4333 1418 4397 verba,
1470 4345 1521 4388 et
1572 4354 1706 4405 quae
1753 4340 1999 4405 proxime

461 4428 813 4499 praecedunt,
843 4424 1092 4490 accipite,
1124 4434 1244 4485 etc„
1271 4431 1323 4474 et
1347 4441 1481 4492 quae
1508 4436 1815 4492 sequuntur.
1840 4429 1999 4479 Haec

466 4518 907 4586 quotiescumque
932 4522 1032 4562 etc.
1073 4529 1099 4561 a
1127 4510 1409 4563 Sacerdote
1437 4512 1808 4580 significative,
1847 4524 1899 4567 et
1922 4532 2002 4568 re-

464 4605 704 4666 citative,
735 4600 1104 4670 proferuntur,
1133 4598 1168 4648 l.
1195 4597 1250 4648 2.
1279 4613 1328 4652 c.
1359 4599 1445 4651 15.
1471 4616 1506 4650 a
1532 4616 1587 4652 η.
1613 4601 1663 4650 3.
1691 4599 1767 4650 ad
1786 4601 1838 4653 ’1.

575 4691 872 4745 Gratiarum
912 4686 1079 4748 actio,
1119 4694 1172 4738 et
1208 4684 1513 4737 benedictio
1550 4687 1608 4736 in
1644 4687 1999 4742 Eucharistiae

468 4778 823 4830 institutione·
846 4775 1300 4825 consecrationem
1342 4775 1688 4841 praecessisse
1726 4775 1999 4843 videntur,

467 4865 796 4917 consecratio
824 4879 947 4914 vero
977 4861 1311 4912 fractionem
1340 4861 1491 4913 Ordo
1517 4861 1660 4939 enim
1691 4858 1881 4914 in'tot'a
1907 4863 2003 4916 bac

466 4951 670 5006 Christi
697 4952 904 5002 actione
928 4948 1105 5001 -fuisse
1130 4948 1368 5014 videtur,
1411 4957 1468 4999 ut
1492 4949 1608 5017 ipse
1635 4967 1835 5019 panem
1863 4968 2003 5004 acce·

466 5040 634 5108 perit,
662 5040 848 5105 gratias
873 5040 984 5089 Deo
1022 5039 1217 5106 egerit,
1254 5032 1615 5099 benedixerit3
1654 5037 1852 5091 deinde
1877 5055 2002 5091 con·

469 5127 775 5189 secraverit,
803 5134 985 5194 postea
1013 5125 1256 5195 fregerit,
1283 5142 1340 5176 ac
1366 5124 1655 5193 Discipulis
1685 5125 1919 5191 dederit,
1947 5144 1999 5179 n.

469 5216 521 5266 8.
549 5226 603 5266 ee
621 5230 766 5279 seqq.
930 5220 935 5227 '

577 5303 675 5354 Illa
703 5301 1133 5355 consecrationis
1171 5299 1369 5363 verba,
1402 5300 1513 5352 Hic
1546 5313 1628 5353 est
1668 5300 1832 5354 Cah'x
1871 5304 2000 5355 San-

794 5415 1001 5454 anau.
1039 5416 1154 5453 xiv.
1193 5416 1336 5455 rou.
1375 5405 1526 5454 vlu.

3344 522 3447 571 4¹9

2083 652 2276 718 guinis
2312 655 2422 705 mei
2447 655 2663 723 figurata
2704 670 2853 722 sunt,
2885 680 2940 714 ac
2969 680 3153 716 sensus
3180 683 3365 718 eorum
3394 679 3488 719 est:
3521 671 3628 722 Hic

2084 751 2161 791 est
2187 741 2480 807 Sanguinis
2505 762 2655 798 meus
2677 759 2961 801 contentus
2985 750 3041 801 in
3074 753 3275 818 Colice,
3304 771 3355 805 n.
3387 757 3468 805 11.

2194 829 2427 894 Sanguis
2462 832 2592 882 novi
2632 835 2988 903 Testamenti,
3029 840 3151 906 quia
3192 858 3300 891 non
3339 845 3395 893 in
3435 845 3626 910 figura,

2084 913 2176 965 sed
2216 916 2280 965 in‘
2315 921 2532 971 veritate
2569 920 2767 973 effusus
2806 933 2901 977 est.
2932 927 3140 978 Dicitur
3177 930 3390 1002 aeterni
3426 933 3625 984 ratione

2088 1010 2325 1055 aeternae
2355 1006 2872 1074 praeordinationis,
2911 1021 2967 1064 et
2995 1024 3232 1068 aeternae
3259 1016 3624 1083 haereditatis,

2083 1096 2136 1138 et
2171 1098 2410 1144 aeternae
2445 1095 2711 1148 Personae
2746 1097 2976 1152 Christi.

2083 1174 2223 1227 idest
2243 1194 2348 1244 pro
2371 1179 2622 1233 omnibus
2647 1183 2718 1234 ih.
2779 1215 2782 1218 π

2190 1264 2622 1320 Consecrationis
2651 1272 2840 1337 forma,
2861 1294 2992 1343 quae
3019 1277 3104 1328 sit.
3130 1280 3193 1329 V.
3215 1277 3443 1345 Forma,
3472 1282 3628 1335 Grae-

2084 1349 2162 1413 ci,
2190 1359 2243 1403 et
2269 1353 2384 1420 Syri
2415 1366 2536 1421 post
2574 1364 3024 1416 consecrationem
3055 1374 3208 1416 orant
3229 1368 3430 1432 Deum,
3461 1380 3516 1422 ut
3541 1388 3630 1438 pa-

2087 1453 2236 1502 nem,
2267 1445 2320 1492 et
2356 1443 2537 1494 vinum
2580 1446 2830 1501 immutet
2867 1451 2920 1501 in
2949 1452 3190 1522 Corpus,
3231 1464 3282 1508 et
3309 1457 3629 1527 Sanguinem

2081 1523 2310 1591 Christi,
2337 1530 2403 1580 V.
2439 1531 2668 1595 Graeci,
2697 1536 2839 1603 Syri.

2188 1613 2536 1668 Consecratio
2558 1625 2911 1682 essentialiter
2932 1628 3178 1679 consistit
3204 1630 3261 1679 in
3283 1632 3458 1685 verbis
3477 1634 3628 1687 Chri·

2083 1699 2172 1749 sti.
2199 1703 2328 1753 Hoc
2366 1715 2444 1755 ese
2473 1707 2681 1775 Corpus
2717 1729 2911 1764 meum·
2950 1715 3058 1766 Hic
3095 1728 3175 1768 ese
3216 1719 3380 1770 Catia·
3408 1723 3632 1790 Sangui-

2085 1783 2172 1840 πίε
2205 1789 2344 1855 περὶ,
2384 1811 2516 1861 qnae
2569 1807 2692 1848 sunt
2729 1799 3084 1856 institutionis
3124 1806 3374 1860 Divinae.
3412 1813 3629 1879 Preces,

2083 1893 2217 1943 quae
2245 1880 2597 1946 praecedunt,
2633 1887 2713 1937 vel
2744 1898 3067 1956 sequuntur,
3109 1903 3229 1945 sunt
3268 1894 3569 1950 humanae‘
3555 1917 3634 1950 ιιι·

2086 1964 2412 2032 stitutionis,
2454 1984 2552 2021 nec
2589 1972 2652 2021 ad
2693 1976 2976 2028 essentiam
3018 1981 3311 2046 pertinent,
3340 1984 3430 2035 sed
3461 1985 3568 2035 ad
3554 2004 3633 2038 in·

2086 2053 2400 2120 tegritatem3
2426 2057 2478 2107 in
2499 2076 2608 2125 quo
2630 2059 2814 2112 Graeci
2840 2069 3200 2134 consentiunt,
3224 2088 3257 2120 a
3277 2087 3329 2121 n.
3353 2072 3436 2122 13.
3454 2073 3628 2126 αᾰ23.

2195 2141 2469 2195 Resellitur
2495 2144 2704 2196 Nicolai
2733 2147 3008 2204 Cahasilae
3037 2171 3216 2220 error,
3257 2158 3311 2207 in
3342 2161 3431 2209 sua
3458 2161 3634 2213 Litur-

2086 2226 2169 2292 gia
2197 2229 2460 2295 putantis,
2502 2242 2624 2299 post
2650 2238 3108 2293 consecrationem
3148 2253 3229 2295 ext
3236 2262 3321 2297 ire
3362 2249 3541 2314 panis,
3580 2259 3633 2300 et

2088 2314 2194 2364 vini
2225 2314 2604 2386 substantiam,
2634 2340 2692 2374 ac
2720 2325 3334 2385 transubstantiationem
3367 2335 3477 2387 fieri
3508 2347 3632 2404 post

2087 2402 2385 2471 orationes,
2414 2415 2467 2457 et
2492 2406 2899 2464 henedictiones
2928 2416 3260 2485 Sacerdotis,
3289 2440 3343 2472 n.
3370 2423 3458 2474 20.

2189 2490 2313 2542 Post
2327 2493 2796 2549 consecrationem
2820 2501 3076 2555 Sacerdos
3093 2506 3630 2575 genuflectens,Chri-

2085 2586 2222 2632 stum
2251 2582 2456 2635 Latriae
2481 2586 2625 2636 cultu
2657 2586 2867 2652 adorat,
2895 2606 2946 2641 n.
2975 2590 3064 2643 29.

2194 2669 2255 2719 In
2282 2669 2698 2725 Consecratione
2725 2675 2915 2740 simul,
2943 2688 2996 2730 et
3035 2683 3350 2749 sumptione„
3370 2686 3626 2739 sacrificii

2086 2757 2313 2807 essentia
2338 2759 2548 2812 videtur
2571 2762 2893 2831 consistere,
2924 2768 2956 2817 l.
2985 2767 3037 2817 2.
3079 2784 3124 2820 c.
3164 2770 3252 2823 22.
3279 2790 3332 2825 n.
3360 2774 3414 2826 ’1.
3440 2776 3504 2826 V.
3535 2778 3630 2828 Sa-

2085 2838 2374 2908 erficium.

2196 2931 2629 2988 Consecrationis
2659 2939 2840 3005 panis,
2882 2951 2933 2992 et
2970 2942 3079 2993 vini
3120 2943 3346 2998 formam
3374 2950 3628 3019 Episcopi

2093 3018 2224 3067 olim
2257 3022 2516 3073 memoria
2545 3023 2944 3092 custodiebant,
2973 3029 3390 3102 tra‘debantque
3379 3039 3463 3100 iis,
3493 3055 3630 3106 quos

2094 3107 2255 3157 sacris
2284 3107 2569 3162 ordinibus
2608 3112 2919 3180 initiabant,
2958 3134 3017 3168 ea
3046 3118 3186 3186 lege,
3228 3130 3284 3172 ut
3322 3132 3494 3175 sancta
3521 3142 3632 3179 ver-

2092 3193 2159 3246 ba
2178 3188 2458 3264 profundo
2487 3217 2678 3252 arcano
2717 3203 2992 3256 recondita
3019 3218 3410 3276 conservarent,
3439 3214 3474 3263 l.
3500 3213 3553 3265 2.
3582 3232 3628 3265 c.

2091 3282 2180 3334 23.
2209 3301 2264 3336 n.
2295 3285 2379 3336 12.

2202 3372 2635 3427 consecrationis
2662 3377 2819 3430 verba
2846 3389 3048 3433 secreto
3074 3382 3339 3436 recitanda
3379 3398 3498 3440 sunt
3516 3428 3529 3452 ,
3553 3391 3631 3446 ih.

2095 3460 2157 3511 V.
2189 3462 2425 3512 Secreta.

2202 3548 2619 3602 consecratione
2646 3552 2828 3619 panis,
2856 3563 2908 3606 et
2936 3556 3043 3608 vini
3062 3594 3077 3620 ,
3104 3576 3164 3611 ex
3194 3559 3378 3612 divino
3406 3566 3550 3631 jure,
3583 3577 3636 3619 et

2099 3635 2415 3704 Praecepto,
2450 3655 2585 3706 opus
2622 3649 2701 3691 est
2726 3641 2788 3690 ad
2820 3644 3064 3696 sacrificii
3090 3650 3369 3700 essentiam
3389 3688 3402 3714 ,
3431 3662 3482 3704 et
3508 3655 3634 3704 vali·

2098 3721 2345 3787 ditatem,
2378 3725 2413 3775 1.
2441 3725 2488 3776 3.
2522 3743 2566 3777 c.
2599 3729 2682 3778 10.
2711 3745 2763 3778 n.
2795 3731 2878 3801 18.
2909 3743 2960 3783 et
2981 3733 3065 3784 19.
3090 3736 3154 3785 V.
3193 3737 3481 3792 Validieas.

2203 3812 2548 3864 Consecratio
2578 3805 2854 3881 invalidas
2875 3820 2955 3871 vel
2986 3821 3168 3872 illicita
3192 3838 3306 3876 esse
3346 3836 3547 3893 potest,
3588 3831 3634 3880 si

2097 3898 2322 3969 aliquod*
2371 3900 2586 3952 verbum
2638 3904 2938 3970 omittatur,
2979 3917 3031 3959 et
3066 3911 3353 3979 aliquando
3402 3915 3635 3969 iteranda

2096 3997 2204 4052 est,
2232 3997 2284 4040 et
2309 3990 2618 4057 quomodo,
2652 3993 2686 4042 l.
2714 3992 2765 4043 3.
2799 4011 2844 4045 c.
2877 3997 2960 4047 1³.
2988 3998 3048 4048 V.
3078 3998 3356 4066 Defectus.

2204 4076 2279 4127 Ad
2320 4076 2544 4127 validam
2573 4082 3030 4135 consecrationem
3072 4088 3285 4139 materia
3326 4107 3634 4143 consecran-

2098 4164 2161 4215 da
2188 4182 2304 4217 esse
2332 4163 2487 4216 debet
2517 4166 2789 4218 moraliter
2816 4186 3063 4236 praesens
3081 4209 3095 4236 ,
3122 4183 3175 4225 et
3200 4178 3476 4244 quomodo
3506 4179 3633 4233 haec

2100 4253 2318 4303 moralis
2359 4252 2649 4321 praesentia
2697 4254 2978 4322 habeatur,
3017 4261 3055 4312 l.
3092 4261 3142 4312 3.
3183 4278 3230 4314 c.
3274 4264 3355 4315 18.
3396 4284 3446 4316 n.
3487 4266 3538 4316 2.
3580 4282 3632 4319 et

2090 4358 2234 4409 seqq.

2201 4429 2520 4492 Particulae,
2559 4431 2773 4499 quaein
2799 4431 2997 4500 Pyxide
3023 4445 3172 4501 sunt,
3214 4438 3414 4499 valide,
3456 4443 3543 4492 sed
3577 4445 3635 4494 il·

2100 4518 2241 4569 licite
2267 4527 2660 4583 consecrantur,
2690 4519 2796 4571 nisi
2820 4522 3057 4589 Pyxisin
3088 4530 3490 4582 consecratione
3518 4549 3637 4599 ape·

2100 4605 2290 4668 riatur,
2320 4603 2391 4655 ib.
2419 4605 2550 4657 Item
2580 4606 2626 4656 si
2652 4609 2983 4660 consecratio
3022 4618 3165 4673 extra
3191 4613 3395 4666 Petram
3437 4634 3636 4671 sacram

2099 4692 2215 4757 fiat,
2242 4710 2294 4743 n.
2327 4694 2378 4744 6.

2205 4780 2549 4833 consecratio
2576 4780 2639 4832 ab
2668 4782 2964 4838 intentione
2990 4786 3215 4853 pendet,
3246 4807 3298 4841 n.
3341 4793 3388 4842 1.
3419 4805 3471 4845 et
3495 4794 3545 4846 8.
3572 4796 3636 4846 V.

2102 4868 2319 4921 Hostia.
2775 4938 2778 4943 ι

2207 4958 2325 5007 Vox
2358 4957 2706 5009 Consecratio
2734 4959 2787 5017 in
2809 4954 3101 5027 oratione,
3130 4964 3289 5017 Haec
3316 4968 3638 5020 commixtio

2101 5054 2199 5093 etc.
2247 5051 2326 5093 est
2373 5051 2570 5094 vetusta
2595 5063 2607 5094 ε
2663 5047 2927 5101 omittitur
2985 5057 3154 5115 tamen
3209 5054 3261 5102 iu
3316 5055 3637 5123 quibusdam

2101 5130 2300 5181 Galliae
2335 5130 2615 5181 Ecclesiis.
2656 5133 2917 5200 Corporis
2956 5144 3006 5187 et
3046 5137 3326 5205 Sanguinis
3365 5141 3419 5191 in
3462 5142 3640 5193 Calice

2100 5217 2416 5268 commixtio
2446 5218 2550 5268 dici
2583 5229 2719 5271 recte
2759 5232 2935 5287 potest
2966 5225 3311 5277 Censet-ratio
3354 5230 3642 5296 Corporis,

2103 5317 2155 5355 et
2182 5304 2498 5371 Sanguinis,
2539 5324 2656 5357 cum
2685 5308 2898 5378 Corpus
2939 5324 3298 5365 consecratum
3343 5315 3437 5367 sub
3467 5319 3644 5384 specie

3251 5418 3314 5467 57

3018 1103 3223 1155 Dicitur
3254 1121 3360 1174 pro
3410 1107 3619 1172 multis,
