4487 6316
979 550 1083 602 szs
1735 558 1821 610 oe
1858 557 2338 633 sacnossncro
2377 524 3005 619 mssss‘sxcnrrmo

797 692 1229 783 Litargiarum,
1256 697 1647 781 thuumque,
1664 697 1773 781 qni
1798 705 1941 764 ante
1967 701 2233 766 Schisma
2259 702 2327 784 in
2441 712 2746 765 tentarunt
2778 687 3137 765 Calvinistae
3163 700 3557 764 infensissimi
3576 700 3779 763 hostes
3800 721 3972 782 prae-

791 786 1096 879 Orientali
1113 791 1372 855 Ecclesia
1406 794 1828 867 obtinuerant,·
1842 796 2077 875 penitus
2104 795 2324 878 ignari,
2436 789 2661 859 sentiae
2703 796 2882 859 realis
2906 796 3126 859 Christi
3161 796 3223 857 in
3256 796 3639 858 Sacramenta
3678 795 3971 857 Euchari-
4001 800 4008 812 ‘

791 879 1204 962 improbarent
1234 887 1546 969 quidquid·
1568 889 1995 967 adversabatur
2034 877 2323 951 Ooeiddna
2431 890 2580 953 stiae
2606 903 2633 964 ,‘
2652 898 2713 953 et
2742 890 3371 953 transubstantationis
3399 890 3573 971 panis
3597 935 3614 963 ,
3642 910 3713 951 ac
3747 890 3873 950 vini
3892 889 3970 949 ‘in

714 1053 717 1056 ι
785 974 924 1045 talis
951 977 1248 1055 Ecclesiae
1270 980 1469 1054 Ritui,
1493 1000 1673 1062 quem
1691 982 2107 1047 tantummodo
2135 984 2321 1062 probe
2422 975 2694 1065 'ejusdem
2721 984 2950 1064 Corpus
2971 1028 2989 1057 ,
3013 992 3089 1061 ct
3104 976 3468 1065 Sanguinem
3499 1004 3516 1055 ;
3557 993 3615 1044 et
3652 979 3727 1043 in
3759 975 3966 1063 partes

436 2967 721 3012 uin-tomb-

437 3024 733 3184 3ῗῖηηῖἒὲ
770 3074 871 3117 mo
897 3052 1086 3118 relata
1112 3063 1253 3120 sunt
1277 3102 1294 3131 ,
1337 3056 1514 3138 plura
1550 3055 1723 3119 facile
1765 3054 1993 3116 inferre
2030 3062 2297 3134 possunt.

466 3152 635 3183 {imm

435 3152 726 3297 {dinae-'⁰012
766 3247 1137 3330 diligentiam
1167 3247 1231 3308 in
1260 3247 1322 3309 id
1356 3267 1548 3308 unum
1575 3245 2036 3326 impendendam
2069 3262 2194 3304 esse
2219 3244 2299 3334 ab

434 3311 721 3413 2⁰32&
765 3341 1256 3421 eo-Missioqario,
1286 3341 1392 3422 qui
1413 3339 1749 3403 Orientales
1774 3336 2210 3408 schismaticos,
2239 3343 2302 3397 ee
2348 3335 2355 3396 ι

783 1077 1097 1134 noverant.
1126 1062 1321 1154 thue
1343 1095 1464 1153 uno
1491 1077 1676 1152 verbo
1698 1075 2161 1157 complectamur
2186 1095 2317 1139 om-

2414 1097 2565 1140 ‘suas
2602 1078 3012 1140 Patriarcham
3031 1078 3327 1161 Cyrillum
3344 1124 3361 1151 ,
3389 1087 3454 1138 ut
3477 1079 3677 1160 ajunt,
3704 1078 3969 1140 adduxe-

781 1164 913 1239 nia,
937 1165 1002 1226 in
1026 1167 1224 1230 reditu
1246 1169 1647 1245 Graecorum,
1672 1170 2317 1252 Schismaticorumque
2425 1180 2588 1234 runt.
2615 1175 2888 1235 Attamen
2909 1219 2926 1246 ‚
2956 1193 3094 1233 cum
3116 1172 3324 1235 Graeci
3344 1218 3360 1246 ,
3392 1171 3528 1234 licet
3554 1171 3923 1233 Schismatici
3940 1218 3961 1245 ,

775 1256 1177 1323 Orientalium
1205 1264 1281 1325 ad
1314 1259 1679 1328 Catholicam
1707 1259 2074 1350 Religionem
2103 1286 2316 1327 curan-

775 1351 856 1428 do
876 1398 896 1427 ‚
927 1352 990 1416 id
1034 1376 1225 1421 unum
1262 1360 1548 1422 Romanis
1586 1359 1975 1429 Pontificibus
2018 1359 2315 1422 maximae

772 1467 954 1513 curae
976 1450 1112 1525 fuit,
1142 1462 1210 1515 ut
1234 1472 1312 1515 ex
1337 1445 1582 1518 illorum
1604 1455 1824 1517 animis
1850 1455 2145 1517 radicitus
2156 1453 2312 1516 evel-

775 1540 970 1605 lerent
989 1546 1123 1607 Arii
1145 1593 1163 1621 ,
1195 1548 1528 1616 Macedonii
1555 1595 1573 1623 ,
1601 1548 1858 1611 Nestorii
1888 1593 1914 1621 ,·
1933 1548 2304 1631 Eutychetis‚

774 1636 1040 1701 Dioscuri
1069 1687 1087 1715 ,
1125 1642 1653 1725 Monothelitarnm
1678 1688 1695 1716 ,
1730 1642 2108 1722 aliorumque
2139 1662 2308 1704 erro-

768 1750 866 1795 res
889 1780 907 1809 ,
936 1735 1000 1797 in
1028 1748 1179 1816 quos
1207 1733 1544 1799 infeliciter
1566 1731 1924 1817 proruerant
1950 1758 1966 1810 ;
1999 1736 2182 1799 salvis
2213 1744 2305 1799 ta-

767 1847 906 1889 men
931 1875 949 1904 ,
977 1840 1052 1893 et*
1071 1830 1309 1894 intactis
1344 1816 1615 1906 Ritibus,
1645 1849 1714 1893 ac
1742 1831 2090 1912 disciplina,
2121 1851 2306 1914 quam
2337 1855 2339 1858 ’

768 1931 912 1984 ante
928 1923 1201 1988 Schisma
1219 1927 1563 2001 servabant,
1587 1934 1647 1988 et
1666 1925 2124 2007 profitebantur,
2147 1939 2308 2006 quae-

766 2035 896 2098 que
914 2020 1271 2083 venerandis
1300 2021 1566 2102 ipsorum
1590 2020 1858 2100 antiquis
1883 2012 2168 2102 Litu‘rgiis
2185 2059 2208 2104 ,
2238 2040 2308 2082 ac

771 2110 1113 2176 Ritualibus
1138 2115 1458 2189 innititur;
1486 2116 1649 2195 quin.
1668 2132 1934 2195 unquam
1977 2114 2157 2175 iidem
2186 2117 2306 2177 Ro-

766 2206 929 2267 mani
959 2206 1274 2270 Pontifices
1297 2210 1706 2291 poposcerint,
1737 2218 1805 2271 nt
1830 2209 1906 2270 ad
1936 2208 2304 2269 Catholicam

768 2298 976 2363 Fidem
1012 2303 1356 2378 redeuntes,
1409 2324 1586 2366 suum
1635 2304 1840 2366 Ritum
1883 2302 2215 2374 dimittere,
2246 2311 2306 2364 et

765 2393 1047 2458 Latinum
1075 2397 1351 2479 amplecti
1380 2398 1695 2470 deberent:
1726 2397 1789 2458 id
1816 2416 2078 2476 namque
2099 2396 2302 2456 Eccle-

761 2489 888 2553 siae
912 2491 1267 2568 orientalis,
1296 2500 1356 2555 et
1382 2492 1777 2565 Graecorum,
1809 2512 1877 2554 ac
1901 2489 2304 2563 Orientalium

766 2584 1014 2647 Ritnum
1053 2587 1461 2668 omnimodam
1485 2607 1693 2668 secum
1716 2586 1906 2647 ferret
1941 2584 2304 2671 internecio-

766 2696 904 2739 nem
930 2724 948 2752 ,
978 2679 1138 2760 quo'd
1165 2699 1347 2761 porro
1388 2676 1513 2742 non
1545 2678 1724 2740 modo
1761 2693 2073 2758 nunquam
2111 2681 2303 2739 t'enta·

765 2779 919 2846 tum,
944 2773 1067 2834 imo
1085 2793 1229 2835 vero
1250 2785 1482 2854 semper
1502 2773 1640 2848 suff,
1665 2782 1722 2834 et
1743 2780 1832 2834 est
1849 2773 1929 2834 ab
1954 2772 2136 2853 hujus
2160 2767 2307 2833 Sa'n-

762 2874 892 2929 ctae
918 2862 1085 2954 Sedis
1114 2867 1363 2950 consilio
1388 2867 1835 2947 quammaxime
1858 2867 2144 2929 alienum.
2281 2863 2289 2868 ’

878 2960 946 3043 S.
985 2968 1089 3023 19.·
1115 2962 1210 3024 Ex
1235 2962 1331 3024 his
1362 2956 1524 3043 quae
1544 2962 1880 3041 hueusque
1911 2960 2111 3023 latiori
2142 2959 2303 3022 cala-

769 3151 1041 3213 Primum
1073 3150 1357 3233 quidem,
1388 3161 1634 3214 conatus
1657 3164 1907 3223 omnes,
1942 3168 2303 3230 omnemque

757 3434 1015 3498 Graecos
1060 3435 1138 3499 ad
1178 3435 1467 3497 unitatem
1496 3480 1513 3509 ,
1557 3436 1680 3496 Deo
1705 3435 1957 3515 juvante
1982 3477 1998 3505 ,
2028 3430 2299 3512 redigere

757 3529 1084 3604 contendit,
1113 3538 1182 3591 ut
1206 3529 1429 3592 seilicet
1447 3530 1529 3591 ab·
1556 3528 1801 3589 illorum
1828 3525 2047 3589 animis
2065 3540 2300 3586 errores

758 3622 1017 3704 depellat
1029 3623 1375 3697 ,Catholicae
1384 3623 1552 3687 Fidei
1573 3623 1975 3693 adversantes,
2002 3638 2158 3700 quos
2173 3619 2300 3682 Ma-

748 3717 913 3800 jores
936 3737 1145 3780 eorum
1172 3718 1431 3799 amplexi
1462 3725 1635 3791 sunt,
1671 3725 1739 3778 ut
1762 3734 2000 3782 causam
2029 3711 2298 3793 aliquam

753 3814 1239 3894 praetenderent,
1269 3822 1391 3895 qua
1423 3832 1485 3875 se
1507 3810 1929 3875 ab-Ecclesiae
1956 3808 2302 3870 unitatese-

753 3900 1073 3992 gregarent
1092 3953 1110 3983 ,
1143 3907 1696 3989 subtraherentque
1736 3906 1815 3971 ab
1844 3900 2190 3966 obedientia
2228 3921 2298 3964 ac

755 4004 1068 4086 obsequio,
1092 4006 1363 4069 Romano
1383 4001 1699 4075 Pontifici,
1715 4009 2001 4080 tanquam
2030 3991 2296 4079 ejusdem

754 4098 1052 4162 Ecclesiae
1076 4099 1268 4181 Capiti
1295 4134 1313 4173 ,
1347 4097 1722 4179 exhibendis.
1755 4093 1941 4168 Quod
1985 4110 2131 4153 vero
2159 4109 2293 4172 spe-

755 4201 878 4257 stat
901 4195 979 4256 ad
1004 4195 1379 4277 argumenta,
1403 4192 1626 4273 quibus
1648 4187 2062 4252 Missionarins
2082 4184 2168 4246 uti
2197 4183 2298 4244 de-

755 4289 897 4365 het,
913 4298 1106 4390 guum
1133 4284 1468 4351 Orientales
1491 4283 1752 4366 propriis
1776 4279 2079 4343 veteribus
2104 4277 2297 4339 Patri·-

755 4378 872 4444 lms
894 4387 1255 4465 magnopere
1272 4380 1657 4452 adhaereant,
1687 4383 1925 4457 peracta
1944 4375 2072 4455 jam
2095 4390 2189 4432 res
2208 4378 2298 4431 est

756 4495 1005 4557 operosa
1024 4474 1339 4538 sedulitate
1357 4469 1795 4556 diligentissimi
1826 4465 2042 4530 Leonis
2062 4464 2294 4538 Allatii,

754 4567 1138 4652 aliorumque
1159 4569 1485 4637 clariorum
1513 4565 1988 4651 Theologorum‚
2014 4559 2119 4640 qui
2166 4564 2298 4638 pe'r-

758 4662 964 4746 spicue
987 4665 1492 4734 demonstrarunt,
1518 4657 1839 4726 convenire
1859 4651 2121 4717 maxime
2140 4652 2298 4724 inter

758 4777 885 4821 sese
905 4766 1152 4833 veteres,
1180 4742 1745 4840 spectabilioresque
1768 4752 2156 4819 Graecorum,
2188 4764 2298 4807 no-

758 4861 1038 4934 strosque
1070 4851 1364 4915 Ecclesiae
1393 4845 1795 4912 Occidentalis
1836 4846 2043 4905 Patres
2067 4888 2083 4914 ,
2112 4840 2178 4900 in
2221 4839 2298 4901 iis

758 4947 1061 5022 omnibus,
1082 4967 1239 5029 quae
1256 4947 1335 5009 ad
1362 4947 1591 5028 Dogma
1622 4940 1944 5033 pertinent,
1969 4935 2124 5003 etad
2152 4953 2296 5010 con-

762 5042 1118 5113 sumnonem
1162 5059 1438 5100 errorum
1465 5083 1482 5109 ,
1536 5035 1780 5115 quibus·
1812 5029 2148 5112 Orientales
2170 5072 2186 5101 ,
2236 5035 2298 5089 et

763 5136 976 5204 Graeci
997 5117 1156 5199 nuuc
1177 5135 1458 5215 temporis
1482 5133 1694 5190 misere
1711 5126 2118 5207 implicantur.
2138 5122 2298 5196 Qua·

760 5240 1003 5313 propter
1045 5229 1261 5291 horum
1307 5228 1624 5288 Librorum
1666 5214 1927 5283 studium
1973 5215 2298 5285 maximam

762 5325 1016 5390 indubie
1034 5324 1243 5386 afferet
1260 5322 1600 5385 utilitatem.
1624 5313 2001 5397 conati—sunt
2018 5326 2162 5372 sane
2184 5310 2301 5369 Ln-

2422 1267 2981 1330 animadvertissen't
3008 1313 3026 1340 ,
3057 1266 3231 1328 novis
3275 1260 3760 1328 Lutheranorum
3791 1286 3965 1327 erro-·

2414 1362 2592 1423 ribus
2615 1361 2918 1424 adversari
2938 1380 3186 1422 snorum
3206 1368 3474 1422 veterum
3491 1362 3965 1439 Patrumaucto-
3997 1362 4004 1367 ’

2385 1529 2389 1534 .
2419 1457 2658 1529 ritatae,
2689 1455 3036 1537 praesertim
3065 1455 3417 1532 Sanctorum
3439 1453 3685 1536 Cyrilli,
3711 1456 3963 1517 loannis

2416 1548 2815 1632 Crysostomi,
2845 1550 3118 1631 Gregorii
3149 1549 3398 1631 Nysseni
3418 1595 3443 1622 ,,
3471 1549 3720 1611 loannis
3750 1551 3966 1611 Dama-

2416 1643 2573 1705 sceni
2590 1652 2762 1717 ,tum
2789 1642 3087 1703 autentica
3114 1644 3466 1717 argumenta
3486 1688 3500 1711 ,
3528 1662 3685 1722 quae
3710 1663 3785 1703 cx
3810 1642 3965 1722 ipso-

2416 1756 2553 1797 rum
2581 1737 2883 1819 Lylurgiis
2913 1741 3348 1815 tlt-promuntur
3372 1785 3386 1809 ,
3426 1741 3496 1797 ati
3536 1735 3753 1800 realem
3780 1757 3957 1817 prae-

2416 1832 2698 1905 sentiam,
2733 1843 2788 1893 et
2824 1834 3514 1892 transt!bslantialiffltem
3546 1832 3958 1904 asserendam,

2414 1945 2477 1987 se
2509 1926 2699 2006 decipi
2734 1930 2981 1987 minime
3010 1930 3162 2006 passi
3198 1938 3339 1987 sunt
3361 1972 3377 1999 ,
3416 1950 3525 1987 nec
3554 1925 3682 1986 ullo
3711 1926 3886 1987 modo
3921 1931 3958 1991 a

2413 2009 2718 2085 catholica
2749 2022 3000 2082 veritate
3032 2021 3305 2082 recedere
3336 2020 3678 2082 voluerunt.
3712 2019 3961 2087 Constat

2414 2114 2474 2203 id
2520 2114 2816 2177 omnesex
2868 2114 3263 2175 schelestrato
3301 2115 3362 2174 in
3398 2114 3846 2176 Dissertationez
3878 2115 3962 2176 De

2372 2206 2376 2210 ⁴
2407 2223 2677 2298 perpetua
2706 2212 3050 2270 comensione
3085 2207 3395 2283 orientalis
3440 2208 3724 2293 Ecclesiae
3763 2220 3962 2271 contra

2414 2302 2786 2370 Lutheranos:
2827 2303 2942 2364 sub
2984 2301 3181 2364 titulo':
3215 2302 3296 2361 De
3340 2303 3958 2380 transubstantiatione,

2405 2418 2542 2477 paq.
2560 2399 2696 2458 717.
2719 2409 2849 2457 tom.
2871 2403 2930 2457 2.
2946 2397 3217 2458 Actorum
3232 2396 3513 2456 Ecclesiae
3529 2394 3864 2457 Orientalis.
3886 2396 3964 2458 ti-

2411 2492 2669 2572 demque
2696 2491 2932 2552 duabu‘s
2961 2492 3024 2551 in
3045 2490 3301 2572 Synodis
3326 2489 3735 2551 patriarcham
3765 2489 3961 2571 Gyril-

2413 2584 2564 2658 lum,
2588 2605 2691 2646 seu
2715 2585 2875 2647 edita
2896 2586 3011 2646 sub
3031 2586 3160 2666 ejus
3183 2583 3424 2657 nomine
3443 2583 3795 2645 Calviniana
3816 2584 3958 2665 dog-

2414 2687 2595 2749 mata,
2620 2679 2933 2741 unanimes
2949 2679 3334 2749 danmarunt,
3356 2678 3444 2738 uti
3465 2677 3669 2739 videre
3688 2685 3776 2739 est
3793 2676 3955 2757 apud

2412 2772 2819 2834 Christianum
2843 2773 3079 2852 Lupum
3103 2783 3259 2851 part.
3285 2777 3343 2831 5.
3368 2771 3444 2832 ad
3471 2770 3737 2838 Concilia
3760 2771 3956 2832 Gene-

2412 2861 2588 2939 ralia,
2612 2876 2667 2928 et
2694 2866 3122 2940 Provincialia,
3144 2879 3214 2927 ac
3237 2864 3606 2945 potissimum
3630 2864 3691 2924 in
3725 2864 3954 2926 Disser-

2415 2960 2638 3021 tatione
2665 2980 2681 3021 ε
2713 2960 2796 3020 De
2820 2961 3153 3039 quibusdam
3184 2961 3314 3019 locis
3337 2976 3463 3037 cap.
3501 2963 3558 3017 9.
3592 2959 3656 3016 in
3689 2960 3819 3038 fine.
3856 2959 3948 3019 Ex

2411 3071 2534 3132 quo
2564 3052 2825 3133 primum
2856 3053 3018 3114 haud
3046 3052 3196 3115 levis
3216 3059 3355 3131 spes
3376 3049 3620 3130 affulget
3641 3095 3658 3122 ‚
3692 3049 3851 3122 sore,
3884 3058 3954 3111 ut

2411 3145 2677 3226 ipsorum
2707 3146 2897 3208 oculis
2921 3147 3221 3227 subjectae
3258 3144 3638 3207 auctoritates
3680 3152 3952 3205 veterum

2408 3226 2657 3308 Petrum
2683 3287 2699 3314 ,
2723 3259 2888 3322 quae
2914 3239 3086 3300 novis
3114 3239 3462 3300 eorumdem
3503 3236 3813 3298 erroribus
3840 3234 3951 3299 ad-

2408 3343 2746 3405 versantur,
2777 3332 3084 3396 Catholico
3107 3341 3309 3419 autem
3332 3340 3535 3393 nostro
3562 3331 3837 3412 Dogmati
3866 3331 3952 3394 fa-

2407 3435 2551 3490 vent
2572 3427 3051 3510 fflammaxime,
3078 3424 3314 3488 facilem
3333 3425 3543 3491 iisdem
3566 3425 3728 3485 viam
3754 3425 3830 3485 ad
3856 3444 3951 3486 re-

2406 3520 2599 3587 ditum
2619 3529 2909 3595 sternant,
2933 3538 3154 3600 eosque
3170 3520 3247 3596 ad
3272 3538 3479 3580 veram
3499 3516 3949 3592 conversionem

2406 3613 2740 3695 impellant.
2765 3614 2995 3676 Deinde
3015 3613 3272 3679 alterum
3294 3631 3536 3694 quoque
3551 3619 3745 3692 potest
3761 3610 3952 3673 inser-

2407 3706 2506 3781 ri,
2546 3708 2838 3772 nimirum
2861 3727 3037 3782 ,enon
3067 3707 3245 3768 modo
3288 3699 3441 3787 opus
3479 3704 3601 3766 nob
3645 3724 3826 3778 esse,
3867 3702 3949 3766 a'd

2407 3800 2743 3865 Orientales
2768 3848 2785 3877 ,
2825 3794 2884 3864 et
2926 3803 3184 3882 Graecos
3211 3801 3275 3865 in
3305 3800 3466 3867 viam
3497 3798 3749 3870 unitatis
3774 3817 3950 3861 revo-

2404 3897 2623 3959 candos
2644 3942 2661 3970 ,
2690 3908 2759 3958 ut
2785 3885 3101 3959 laedantur
3131 3895 3400 3973 ipsorum
3430 3894 3600 3953 Ritus
3630 3939 3644 3963 ‚
3680 3903 3786 3954 aut
3811 3911 3946 3954 eor·

2404 3978 2794 4073 rumpantur3
2825 3991 3310 4069 (1tlatltls.›quitl‹³ni
3340 3991 3394 4047 id
3422 4009 3650 4065 sempor
3676 3981 3944 4048 alienum

2403 4083 2522 4145 fult
2547 4084 2628 4145 ab
2657 4083 2927 4145 instituto
2953 4084 3119 4142 Sedis
3139 4084 3528 4162 Apostolivac,
3562 4099 3717 4160 quae
3741 4080 3813 4140 in‘
3833 4079 3948 4147 hac

2404 4175 2533 4256 ipsa
2560 4177 2877 4238 Sacrorum
2908 4178 3156 4241 Rituum
3185 4178 3435 4237 materia
3456 4219 3474 4248 ,
3505 4172 3734 4245 zizania
3762 4192 3800 4234 a
3836 4171 3955 4233 tri-.

2407 4269 2553 4344 tico,
2581 4269 2815 4350 quoties
2839 4268 3138 4350 oportuit,
3169 4285 3475 4329 secernere
3497 4265 3702 4328 novit:
3733 4285 3947 4328 verum
3996 4301 4003 4309 ·
4039 4322 4045 4329 .

2403 4365 2585 4426 etiam
2611 4373 2860 4427 conatus
2895 4363 3240 4445 hujusmodi
3260 4361 3599 4443 plurimum
3632 4359 3943 4440 optatissi-

2404 4479 2538 4521 mae
2557 4458 2770 4532 unioni
2796 4457 3123 4539 adversari,
3155 4456 3244 4518 uti
3269 4463 3427 4544 recte
3447 4445 3772 4536 perpendit
3785 4445 3946 4515 ‘rh'o-

2406 4573 2533 4615 mas
2550 4554 2772 4615 alesu:
2803 4552 2886 4613 De
2904 4542 3249 4620 conversione
3271 4547 3521 4610 ommuni
3545 4550 3796 4628 qentinm
3816 4567 3949 4627 pro-

2404 4648 2660 4709 curanda
2687 4649 2784 4707 tib.
2815 4652 2874 4707 7.
2905 4650 3028 4727 cap.
3060 4651 3119 4705 2.
3154 4643 3567 4710 ostendendum
3581 4641 3950 4726 attan-reb.

2405 4744 2629 4810 clesiam
2640 4733 2961 4803 Romanam
2970 4741 3230 4820 probare,
3256 4759 3322 4800 ae
3350 4738 3946 4821 indnlqere‚.ut-q¹tas-

2405 4837 2487 4895 vis
2514 4835 2772 4896 Ecclesia
2794 4834 3043 4915 propriis
3070 4833 3372 4894 adhaereat
3403 4830 3632 4896 Rffibsi
3660 4877 3676 4900 ,
3711 4828 3967 4895 “Cae-‚-

2403 4931 2688 4998 rmmiis;
2708 4929 2909 5009 quippe
2929 4946 3058 4988 cnm
3075 4921 3439 4986 Schismatici
3458 4923 3822 5005 propriorum
3842 4922 3945 4983 Ri-

2408 5034 2568 5085 tuum
2598 5024 2935 5094 tmacissimi
2958 5023 3096 5094 sint,
3137 5040 3205 5080 ne
3234 5022 3380 5099 ipsos
3422 5038 3612 5087 eorum
3634 5017 3963 5097 perdemtw.

2404 5138 2536 5178 ram
2560 5108 2825 5197 inq'rnens
2851 5116 3051 5193 aliqua
3076 5114 3316 5194 suspicio
3341 5114 3412 5173 ab
3443 5111 3700 5176 Ecclesia
3731 5109 3971 5184 Rogata--

2404 5233 2483 5274 na
2505 5214 2741 5285 alienet,
2773 5220 2824 5270 et
2855 5217 3105 5278 avertat,
3133 5217 3437 5287 opportune
3465 5204 3855 5272 laborandum,
3879 5212 3947 5261 ut

2405 5327 2460 5367 se
2478 5308 2555 5366 -in
2576 5305 2841 5386 propriis.
2856 5302 3227 5363 coeremoniis
3252 5301 3588 5361 insectandis
3611 5315 3951 5359 conservan-

765 5415 1349 5499 theranipraeterito
1373 5411 1630 5484 saeculo,
1652 5405 2009 5496 Orientales,
2036 5412 2096 5466 et
2119 5402 2301 5465 Grae-
2408 5383 2504 5459 dos
2528 5397 2636 5459 esse
2656 5397 3123 5478 persuadeantur.
3155 5394 3408 5456 Domum
3427 5391 3605 5453 exiis
3621 5437 3638 5464 ‚
3665 5409 3821 5470 quae
3842 5408 3944 5450 su-

764 5532 863 5575 cos
892 5512 955 5574 in
989 5529 1224 5573 errores
1260 5527 1398 5570 suos
1440 5503 1804 5589 pertrahere.
1852 5500 2015 5563 Idem
2057 5508 2301 5577 quoque
2413 5504 2523 5573 pra
2549 5489 2939 5572 praejecimus
2965 5533 2982 5561 ,
3011 5486 3163 5549 illud
3193 5487 3367 5549 tertio
3396 5486 3656 5552 infertur
3680 5514 3698 5559 ·,
3725 5499 3944 5563 caren-
