4487 6316
1818 503 1941 556 Lm.
1982 503 2046 556 11.
2087 500 2226 555 CM).
2268 501 2356 554 vl.
3460 506 3527 558 ³5

515 645 885 710 dicatoribus
926 647 1276 721 Fratribus,
1317 648 1628 711 dicebatur
1655 645 1927 708 Dominus
1969 666 2064 707 vo-

518 744 729 802 biscum
754 742 829 803 ad
851 763 1040 803 cornu
1068 743 1388 823 Epistulae.
1420 744 1554 805 Jam
1585 762 1729 804 vero
1750 740 2064 822 quingenti

520 844 661 896 sunt
687 836 830 897 anni
859 856 1051 916 eoque
1077 836 1281 916 paullo
1322 837 1614 917 amplius,
1644 856 1778 896 cnm
1808 856 1844 896 a
1874 834 2069 896 medio

523 930 716 992 Altari
767 932 1050 993 Sacerdos
1094 933 1192 994 ad*
1220 932 1506 1012 populum
1551 950 1871 993 conversus
1925 928 2070 990 dicit

516 1024 791 1086 Βοιηίκω
823 1028 1116 1087 vobiscum.
1152 1027 1306 1089 Vide
1330 1029 1413 1088 Le
1455 1028 1624 1094 Brun
1648 1034 1791 1087 tom.
1840 1028 1895 1085 1.
1927 1043 2061 1105 pag.

526 1124 659 1181 175.
692 1129 750 1181 et
777 1140 910 1202 pag.
951 1127 1080 1181 189.

186 1231 347 1290 sopite·
382 1228 483 1272 atet
642 1219 699 1276 4.
733 1215 965 1289 Tertio,
993 1216 1207 1297 septies
1233 1215 1506 1277 Dominus
1535 1217 1810 1276 vobiscum
1851 1212 2071 1274 dicitur

182 1289 484 1390 {⁸3:¹2⁸on
524 1308 588 1368 in
613 1309 826 1383 Missa,
868 1319 935 1394 ut
963 1321 1185 1391 septem
1229 1311 1489 1391 explosis
1513 1309 1869 1389 capitalibus
1908 1306 2070 1368 vitiis

185 1419 308 1503 ἕω,
338 1411 484 1502 sffig‘
522 1403 780 1484 populus
804 1389 1207 1485 septilormem
1236 1425 1270 1467 a
1301 1406 1424 1466 Deo
1455 1404 1709 1486 gratiam
1739 1420 2065 1482 consequa-

187 1478 370 1586 &¹:22
399 1489 483 1561 ωᾶ
525 1507 652 1571 tur,
682 1507 754 1560 ut
784 1508 952 1562 notat
986 1500 1369 1561 Innocentius
1408 1498 1644 1560 Tertius
1669 1498 1776 1558 lib.
1826 1502 1884 1557 2.
1931 1515 2059 1575 cap.

185 1584 301 1619 '⁸⁸²’
522 1597 619 1654 24.
646 1594 762 1655 Ter
790 1614 934 1656 vero
959 1615 1021 1655 se
1053 1595 1128 1657 ad
1157 1594 1446 1675 populum
1473 1593 1757 1655 Sacerdos
1776 1610 1898 1652 non
1924 1609 2067 1652 con-

517 1688 730 1761 vertit3
767 1689 963 1768 primo
997 1698 1127 1770 post
1173 1688 1484 1771 Confiteor,
1514 1695 1719 1769 utpote
1760 1685 1866 1767 qui
1914 1693 2069 1758 totus

517 1783 596 1844 sit
620 1783 682 1843 in
706 1783 910 1846 anima
932 1803 1041 1846 sua
1073 1782 1395 1865 expianda3
1424 1783 1682 1845 secundo
1705 1790 1844 1843 ante
1867 1782 2066 1842 Evan-

515 1876 741 1959 gelium
765 1924 782 1952 ,
820 1879 926 1960 qui
949 1881 1172 1950 ‚verbo
1194 1879 1299 1941 Dei
1348 1876 1770 1941 annunciando
1801 1876 2070 1935 intentus

520 1971 631 2045 sit;
661 1972 838 2033 tertio
865 1973 940 2034 ad
968 1972 1405 2035 Praefationem
1423 2018 1439 2045 ,
1486 1991 1624 2033 cum
1661 1968 1966 2030 sublatum
1993 1966 2071 2028 ad

521 2066 717 2126 Deum
743 2066 1015 2128 animum
1043 2068 1440 2148 proximoque
1479 2064 1771 2128 sacrificio
1802 2062 2069 2126 defixum

521 2158 741 2222 babeat
757 2207 773 2234 ,
803 2169 884 2232 ut
896 2162 1323 2224 animadvertit
1345 2161 1674 2223 Gavantus‘.

187 2292 362 2337 vm„
389 2310 482 2355 μ,
641 2262 698 2328 5.
733 2241 962 2330 Quarto
1005 2256 1079 2319 ad
1125 2257 1408 2318 humeros
1439 2255 1699 2317 elevatas
1739 2272 1956 2315 manus
1982 2259 2070 2315 te-

189 2351 247 2392 ·i·
291 2351 480 2421 ”bl-¹⁸9·
522 2355 657 2422 net,
688 2350 795 2429 qui
823 2358 910 2410 est
931 2349 1185 2411 usitatus
1226 2349 1439 2411 orandi
1467 2349 1678 2410 modus
1705 2356 1832 2409 tum
1859 2347 1923 2408 in
1967 2365 2071 2408 ve-

185 2409 484 2510 &2252ss
529 2444 676 2517 teri,
706 2453 830 2505 tum
867 2445 929 2505 in
959 2465 1115 2506 novo
1136 2447 1532 2507 Testamento.
1569 2445 1637 2504 ln
1662 2443 1846 2504 veteri
1868 2443 2071 2504 Testa-

184 2523 482 2624 m’ffess
522 2545 723 2599 mento
749 2538 961 2599 cecinit
991 2539 1216 2622 David:
1252 2539 1405 2598 Dum
1439 2539 1657 2604 ,extollo
1684 2555 1886 2598 manas
1921 2556 2070 2597 naras

182 2643 251 2735 3¹
285 2639 477 2735 :unibe-
519 2632 595 2691 ad
622 2631 906 2712 Templum
935 2645 1190 2693 sanctum
1215 2644 1394 2692 tuum.
1420 2632 1491 2691 In
1511 2633 1732 2691 nominc
1759 2641 1854 2690 luo
1887 2631 2072 2690 levabo

182 2708 478 2795 maen-ro·
519 2745 721 2786 manus
750 2747 918 2787 meas.
951 2728 1234 2807 Eoepandi
1265 2747 1466 2788 manus
1492 2745 1639 2787 meas
1676 2727 1753 2786 ad
1797 2736 1865 2786 tc.
1897 2725 1975 2787 Et
2007 2724 2070 2785 in

519 2838 677 2880 novo
704 2823 776 2880 D.
817 2821 1040 2882 Paulus
1072 2815 1148 2883 ad
1174 2821 1587 2894 Timotheum,
1635 2821 1800 2891 Volo,
1834 2819 2065 2900 inquit,

518 2916 668 2975 viros
701 2935 863 2976 orare
908 2919 970 2975 in
1002 2920 1156 2977 omni
1204 2919 1318 2977 loco
1359 2918 1596 2979 levantes
1631 2936 1809 2997 puras
1842 2935 2063 2976 manas.

516 3009 714 3071 Passis
740 3011 1043 3090 quondam
1069 3012 1441 3092 sublatisque
1483 3011 1744 3073 brachiis
1776 3011 2065 3087 orabant,

515 3111 585 3166 ut
610 3113 865 3180 statum,
897 3126 1021 3187 quo
1053 3106 1325 3169 Christus
1356 3106 1553 3169 oravit
1586 3106 1650 3167 in
1673 3106 1892 3179 Cruce,
1932 3105 2069 3168 imi-

515 3208 809 3262 tarentur.
841 3202 994 3263 Vide
1029 3204 1420 3264 Bonarrotam
1463 3202 1525 3262 in
1552 3201 2070 3264 observationibus

512 3294 588 3355 ad
615 3298 816 3356 vetera
838 3296 1133 3374 quaedam
1157 3315 1298 3357 vasa
1320 3296 1511 3357 vitrea
1533 3314 1668 3376 pag.
1697 3301 1828 3357 120.
1847 3305 1907 3357 et
1929 3300 2060 3356 121.

520 3389 729 3451 Plures
752 3389 1042 3471 imagines
1071 3391 1132 3452 in
1157 3394 1380 3453 Romae
1404 3391 1786 3453 Coemeteriis
1807 3391 2067 3472 depictas

512 3482 991 3545 Christianorum
1020 3486 1097 3547 ad
1142 3485 1204 3546 id
1239 3485 1580 3566 exemplum
1625 3485 1929 3548 orantium
1972 3485 2064 3548 vi-

511 3576 653 3638 deas
674 3578 834 3658 apud
863 3578 1107 3640 Bosium
1129 3578 1191 3640 in
1230 3581 1415 3641 Roma
1444 3580 1857 3653 subterranea;
1882 3588 2064 3659 atque

508 3671 766 3731 eundem
810 3690 1039 3734 morem
1086 3673 1447 3754 etiamnums·
1470 3674 1754 3756 Religiosi
1815 3673 2063 3754 quidam

510 3764 768 3826 Ordines
802 3768 1094 3841 retinent,
1130 3789 1269 3830 cum
1298 3769 1360 3829 in
1387 3769 1568 3830 Missa
1591 3768 1879 3830 Collectas
1911 3768 2062 3830 reci-

511 3865 660 3918 tant.
690 3857 1029 3922 Consultius
1051 3882 1194 3924 vero
1214 3861 1884 3936 existimavirEcclesia,
1909 3862 1960 3923 si
1983 3862 2058 3924 ad

510 3970 648 4013 eum
680 3953 920 4014 modum
938 4000 954 4027 ,
987 3975 1110 4036 quo
1152 3963 1313 4018 nunc
1340 3957 1570 4019 utimur
1593 3957 1886 4019 Collectae
1908 3957 2059 4019 reci·

508 4053 782 4107 tarentur
797 4093 813 4120 ,
840 4068 915 4109 ne
937 4050 1121 4110 veteri
1148 4058 1377 4112 retenta
1397 4051 1825 4113 consuetudine
1844 4053 2055 4114 orandi

506 4140 696 4221 passis
717 4143 1097 4224 extensisque
1119 4144 1410 4218 brachiis,
1435 4145 1808 4207 inconcinnis
1827 4153 1887 4207 et
1908 4146 2057 4217 ridi-

508 4234 662 4295 culis
687 4235 900 4318 figuris
931 4237 1266 4317 aperiretur
1293 4238 1475 4301 locus.
1503 4240 1702 4302 Etiam
1734 4240 2055 4302 Tertullia-

505 4347 620 4390 nus
644 4329 750 4391 lib.
784 4331 858 4392 de
879 4330 1166 4393 Oratione
1191 4352 1320 4412 cap.
1373 4338 1466 4394 13.
1502 4353 1728 4395 morem
1755 4336 2055 4415 improbat

504 4424 717 4485 orandi
749 4424 995 4486 elevatis
1027 4426 1328 4487 incondite
1358 4427 1666 4488 manibus:
1694 4427 1839 4489 Cum
1869 4430 2052 4490 modo-

502 4518 617 4576 stia
637 4527 688 4577 ct
711 4519 1031 4579 huntilitatc
1051 4530 1162 4580 etc.
1190 4540 1257 4578 nc
1279 4522 1415 4601 ipsis
1436 4521 1658 4599 quidem
1680 4524 1934 4582 manibus
1954 4542 2052 4582 su-

505 4610 731 4671 blimius
758 4615 920 4673 elatis
939 4662 952 4682 ‚
977 4615 1070 4673 sed
1093 4625 1386 4694 temperate
1405 4636 1471 4675 ac
1491 4618 1654 4694 probe
1675 4618 1857 4676 elatis.
1888 4618 1964 4677 Et
1986 4616 2049 4677 in

502 4706 762 4784 quodam
795 4706 1089 4789 Diptycho
1129 4708 1432 4770 domestici
1467 4709 1656 4769 Musei
1686 4710 2050 4774 Bonarrotae

502 4796 604 4858 SS.
644 4799 954 4874 silvestri,
991 4801 1266 4884 Gregorii
1310 4811 1372 4864 et
1402 4802 1677 4865 Flaviani
1720 4813 2050 4866 cernuntur

501 4890 823 4975 imagines,
851 4916 1109 4976 quorum
1154 4896 1385 4976 primus
1416 4916 1595 4959 orans
1627 4898 2044 4978 «lepidumst,

501 4998 623 5047 non
648 4989 724 5050 ad
759 4998 1018 5052 veterem
1047 4992 1292 5053 modum
1314 4992 1577 5054 brachiis
1604 4992 1667 5052 in
1690 4992 1895 5053 Crucis
1923 4992 2047 5056 ibr-

500 5100 659 5143 mam
703 5085 980 5163 expansis
1001 5131 1017 5158 ,
1065 5086 1166 5146 sed
1211 5087 1287 5148 ad
1331 5086 1720 5148 recentiorem
1764 5087 2042 5162 modum,

498 5191 621 5253 quo
661 5175 1004 5239 Sacerdotes
1048 5178 1289 5240 Missam
1333 5180 1699 5241 celebrantes
1741 5172 2040 5254 utuntur3

492 5269 655 5348 quod
687 5272 859 5351 quasi
890 5271 1177 5333 indicium
1215 5280 1300 5334 est
1345 5282 1403 5334 et
1446 5273 1808 5354 principium
1834 5282 2042 5336 exten-

2296 651 2355 707 6.
2383 644 2658 731 Denique
2679 646 2754 708 de
2781 647 2961 710 itu‘et
2985 647 3181 711 reditu
3211 648 3292 716 ab
3315 666 3438 708 una
3472 646 3549 707 ad
3571 647 3719 708 altc-
3760 656 3877 718 Quid
3896 658 4052 727 inq-q-

2174 759 2307 801 ram
2328 739 2552 802 Altaris
2573 751 2826 822 partem,
2850 742 3043 822 deque
3065 761 3234 806 mora
3257 742 3319 803 in
3343 741 3540 804 medio
3560 743 3718 823 ejus-
3759 731 3873 814 φ’.
3898 713 4055 819 *232⁸*

2175 835 2343 908 dem,
2383 844 2591 897 notum
2622 837 2869 898 cuilibet
2907 845 3025 911 est,
3063 837 3383 899 Introitum
3410 857 3548 898 cum
3577 836 3720 897 reli·
3758 781 4055 929 ¹3:2⁶2?

2175 930 2313 1009 quis
2339 950 2530 1011 usque
2572 931 2649 993 ad
2675 932 3070 1015 Evangelium
3114 932 3178 993 in
3212 950 3400 1004 cornu
3421 930 3722 1013 Epistulae
3788 901 4027 1013 ’ἵμας’

2176 1024 2448 1099 recitari;
2473 1034 2535 1087 et
2557 1025 2737 1107 Kyris
2754 1074 2771 1100 ,
2800 1024 3005 1089 Glon‘a
3030 1031 3093 1088 in
3119 1025 3380 1088 Eoec‘elsis
3399 1075 3414 1098 ,
3438 1034 3498 1087 et
3520 1025 3720 1096 Credo,
3764 999 4057 1115 1⁸:302&ss

2176 1128 2527 1200 caeteraque
2549 1120 2786 1192 omnia,
2815 1140 2972 1201 quae
3004 1120 3079 1183 ad
3110 1120 3502 1183 substantiam
3538 1119 3723 1200 perti·
3766 1114 3863 1158 ¹⁸⁸⁰
3904 1115 4057 1160 ΑΜ

2176 1220 2318 1272 nem
2349 1211 2666 1286 Sacrifica,
2698 1213 2762 1274 in
2791 1214 2985 1275 medio
3008 1213 3123 1288 dici
3146 1212 3387 1276 Anax-is.
3417 1212 3720 1274 Sacrificio
3758 1181 4056 1274 ...3:223

2175 1314 2414 1384 peracto
2429 1353 2444 1379 ,
2472 1308 2754 1370 Sacerdos
2774 1309 2930 1370 redit
2949 1309 3026 1371 ad
3047 1319 3235 1370 cornu
3256 1307 3576 1389 Epistulae,
3605 1307 3721 1368 ibi·
3761 1296 3853 1388 2¹:2¹,
3869 1297 4053 1388 2³:022„

2176 1417 2296 1479 que
2342 1402 2675 1464 orationem
2723 1403 2961 1477 recitat,
3011 1423 3166 1485 quae
3205 1402 3541 1484 appellatur
3582 1403 3717 1464 Post
3761 1402 3967 1460 ssrbwlw
3983 1402 4052 1444 ὥ-

2180 1495 2511 1557 Communis
2529 1520 2551 1565 ,·
2597 1498 2871 1579 factaque
2910 1519 2988 1561 ex
3033 1499 3229 1566 medio
3271 1498 3495 1560 Altaris
3539 1518 3717 1580 super
3753 1469 4054 1586 2222&

2174 1591 2463 1670 populum
2511 1592 3141 1667 Benedictione,-redit
3182 1594 3258 1655 ad
3289 1613 3478 1656 cornu
3519 1596 3720 1657 Evan-
3762 1573 3988 1634 ¹³''¹¹⁸⁸¹¹⁸‘

2176 1685 2319 1765 gelii
2338 1732 2354 1759 ,
2384 1688 2487 1748 ubi
2512 1688 2721 1751 recitat
2753 1689 2996 1751 initium
3018 1690 3330 1774 Evangelii
3362 1691 3422 1752 S.
3449 1691 3718 1753 loannis.

2177 1779 2540 1864 Micrologus
2566 1799 2695 1864 cap.
2724 1789 2781 1844 9.
2820 1785 2981 1865 quod
3006 1786 3289 1848 Sacerdos
3309 1805 3347 1848 a
3372 1805 3562 1847 cornu
3580 1785 3725 1867 Epi-

2176 1875 2363 1938 stolae
2396 1879 2473 1940 ad
2507 1899 2694 1941 cornu
2725 1889 2987 1943 transeat
3009 1880 3353 1963 Evangelii,
3393 1880 3531 1943 inde
3563 1880 3726 1943 deri-

2175 1977 2382 2031 vatum
2406 1991 2532 2035 esse
2552 1973 2792 2047 scribit,
2817 1974 2978 2055 quod
3006 1994 3144 2036 cum
3165 1974 3470 2037 Offertorii
3494 1983 3722 2055 tempo·

2177 2082 2247 2124 re
2271 2063 2534 2140 Fideles,
2558 2075 2628 2129 ut
2647 2066 2811 2130 infra
2851 2067 3195 2131 docebimus
3211 2115 3229 2143 ,
3273 2068 3605 2131 oblationes
3644 2067 3725 2130 ad

2179 2157 2386 2221 Altare
2406 2159 2565 2222 soliti
2588 2170 2782 2224 essent
2803 2162 3036 2224 deferre
3052 2209 3070 2236 ,
3093 2182 3215 2240 non
3238 2163 3498 2225 licuisset
3517 2163 3726 2225 Sacer-

2178 2251 2305 2313 doti
2330 2252 2657 2317 celebranti
2684 2274 2785 2317 eas
2809 2255 3141 2318 oblationes
3164 2255 3472 2319 commode
3496 2256 3726 2336 accipe-

2177 2365 2285 2419 re,
2303 2355 2363 2409 et
2385 2345 2585 2430 legere
2610 2348 3007 2431 Evangelium
3024 2396 3042 2424 ,
3069 2350 3183 2412 nisi
3212 2350 3451 2414 Missale
3471 2371 3508 2413 a
3533 2367 3724 2412 cornu

2177 2441 2481 2522 Epistulae
2502 2453 2768 2506 amotum
2796 2445 2870 2507 ad
2902 2464 3090 2526 cornu
3114 2445 3425 2528 Evangelii
3456 2451 3726 2526 asporta-

2178 2544 2380 2597 retur:
2404 2538 2498 2597 Ad
2525 2541 2820 2598 sinistrum
2858 2559 2986 2599 cero
3025 2559 3200 2599 cornu
3228 2537 3556 2618 (sinistram
3583 2556 3725 2618 par-

2179 2638 2301 2692 tem
2346 2631 2659 2714 intelligit,
2689 2652 2810 2694 non
2838 2652 2995 2714 quae
3015 2632 3334 2706 Crucifixi,
3372 2633 3475 2695 sed
3516 2632 3725 2694 Sacer-

2178 2725 2334 2787 dotis
2375 2721 2585 2789 manui‘
2625 2728 2965 2809 respondet)
2993 2730 3192 2789 habent
3240 2729 3447 2788 librum
3474 2748 3602 2788 cum
3645 2728 3724 2787 lc-

2176 2831 2318 2898 qum
2339 2820 2749 2900 Evanqelt'um,
2773 2824 2860 2882 rol
2881 2842 3007 2882 cum
3035 2823 3354 2903 sacrificam
3373 2868 3388 2891 ‚
3417 2831 3483 2881 ιιι
3524 2822 3587 2879 in
3626 2820 3723 2882 do-

2175 2926 2344 2974 aelcra
2366 2926 2530 2994 parte
2548 2917 2663 2975 sint
2685 2917 3049 2995 expeditiores
3078 2917 3154 2976 ad
3171 2916 3546 2995 suscipiendas
3565 2915 3723 2975 obla—

2180 3009 2350 3068 tiones
2377 3055 2392 3078 ,
2434 3012 2545 3070 sice
2587 3011 2664 3072 ad
2703 3011 3042 3092 conficienda
3070 3009 3292 3071 Altaria
3324 3009 3717 3071 Sacramenta.

2178 3100 2686 3186 HancJMicrologi
2720 3103 3198 3167 observationem
3231 3103 3438 3184 pulcre
3464 3102 3727 3166 illustrat

2177 3197 2686 3279 Pouget‘lnstitut.
2726 3198 3082 3261 Catholicar.
3122 3206 3266 3260 tom.
3316 3202 3374 3258 2.
3415 3217 3547 3279 pag.
3581 3202 3719 3257 828.

2175 3291 2283 3353 ubi
2332 3291 2601 3373 loquitur
2642 3293 2717 3355 de
2749 3293 2932 3355 Missa
2974 3292 3259 3365 solemni,
3300 3291 3725 3372 contenditque

2173 3388 2303 3468 ejus
2325 3387 2510 3449 ritum
2536 3388 2597 3448 in
2624 3389 2866 3450 Missam
2890 3388 3187 3468 privatam
3207 3406 3333 3449 esse
3355 3385 3610 3447 illatum.
3637 3385 3724 3448 Ac

2174 3480 2459 3542 Sacerdos
2479 3482 2725 3563 quidem
2742 3528 2760 3556 ,
2783 3490 2854 3543 ut
2886 3481 3010 3561 ipse
3032 3488 3235 3562 putat,
3260 3481 3335 3541 ad
3355 3479 3563 3542 Altare
3601 3498 3724 3539 non

2169 3575 2524 3638 ascendebat
2581 3575 2695 3637 nisi
2739 3577 2815 3638 ad
2859 3574 3229 3638 Sacrificium
3286 3572 3713 3655 peragendum.

2171 3670 2362 3731 Extra
2383 3668 2590 3732 Altare
2615 3670 2926 3750 epistolam
2948 3690 2982 3732 a
3011 3670 3388 3731 Subdiacono
3404 3713 3420 3741 ,
3446 3669 3722 3749 Evange-

2170 3762 2322 3825 lium
2348 3782 2384 3825 a
2407 3763 2681 3843 Diacono·
2703 3763 3020 3837 audiebat;
3048 3762 3380 3824 conscensis
3402 3780 3546 3822 vero
3579 3778 3719 3842 gra-

2173 3857 2353 3919 dibus
2373 3857 2627 3931 Altaris,
2652 3877 2723 3919 ea
2757 3876 2913 3937 quae
2935 3876 3086 3937 opus
3109 3863 3303 3918 essent
3325 3855 3588 3937 legebat,
3612 3861 3721 3916 aut

2168 3952 2422 4013 canebat
2464 3951 2655 4031 posito
2687 3950 2872 4012 Libro
2915 3950 2980 4012 in
3010 3951 3209 4012 Cornu
3235 3948 3582 4032 Evangelii,
3618 3948 3717 4010 cui

2169 4045 2376 4108 nullus
2397 4045 2553 4108 alius
2594 4064 2719 4108 esse
2756 4052 2991 4125 poterat
3033 4044 3226 4120 locus3
3257 4064 3398 4106 nam
3424 4043 3487 4104 in
3516 4042 3714 4105 medio

2166 4139 2393 4202 Altaris
2414 4140 2640 4221 positus
2663 4147 2796 4201 erat
2834 4139 3037 4214 Calix,
3074 4147 3134 4201 et
3176 4140 3377 4201 Cornu
3415 4135 3719 4219 Epistolae

2164 4234 2590 4297 oblationibus
2612 4233 2910 4296 Fidelium
2934 4233 3390 4315 impediebatur.
3408 4232 3520 4292 His
3536 4249 3713 4312 prae·

2166 4330 2394 4404 missis,
2420 4329 2613 4411 pergit
2639 4329 2896 4410 Pouget,
2924 4336 2993 4388 ut
3025 4329 3088 4388 in
3117 4327 3311 4389 Missis
3344 4325 3595 4407 privatis
3618 4344 3712 4387 se-

2159 4433 2548 4486 cernerentur
2576 4436 2679 4495 ea',
2710 4441 2867 4503 quae
2900 4422 2964 4483 in
2994 4422 3188 4483 Missis
3220 4419 3588 4481 solemnibus
3622 4418 3709 4480 le·

2158 4525 2387 4600 guntur
2406 4526 2578 4579 extra
2599 4516 2833 4590 Altare,
2857 4517 2936 4579 ab
2960 4516 3033 4577 iis
3053 4535 3209 4596 quae
3231 4515 3307 4576 ad
3328 4514 3533 4576 Altare
3554 4512 3708 4574 reci-

2163 4620 2367 4673 tantur
2383 4656 2400 4684 ,
2425 4611 2509 4672 sic
2531 4611 2868 4672 institutum
2895 4629 3051 4683 esse,
3081 4608 3236 4670 utin
3258 4628 3445 4670 cornu
3468 4607 3706 4689 Episto-

2160 4705 2257 4768 lae
2286 4706 2624 4787 legerentur
2665 4724 2822 4786 quae
2863 4704 2928 4766 in
2964 4704 3161 4766 Missis
3204 4702 3572 4764 solemnibus
3615 4701 3703 4764 le-

2156 4809 2385 4883 guntur
2410 4800 2811 4862 extra‘Altare
2826 4844 2843 4872 ,
2879 4807 3110 4860 caetera
3133 4817 3275 4860 vero
3313 4797 3518 4858 omnia
3542 4804 3612 4857 ut
3638 4795 3704 4858 in

2154 4895 2559 4968 solemnibus,
2603 4894 2688 4955 ita
2707 4900 2767 4955 et
2793 4894 2858 4955 in
2902 4892 3153 4973 privatis
3182 4893 3246 4953 in
3288 4892 3484 4953 medio
3506 4888 3700 4952 Altari

2152 4990 2513 5051 dicerentur.
2539 4988 2698 5063 Quia
2720 5007 2863 5049 vero
2885 4987 2950 5047 in
2966 4986 3159 5048 Missis
3178 4984 3545 5047 solemnibus
3566 4990 3700 5064 post

2151 5083 2647 5146 Communionem
2670 5101 2809 5163 pars
2828 5081 3052 5144 Altaris
3071 5080 3148 5142 ad
3167 5100 3357 5142 cornu
3370 5078 3694 5159 Epistolae,

2151 5176 2465 5238 summotis
2492 5176 2631 5238 inde
2644 5177 2774 5258 Jam
2817 5175 3257 5247 oblationibus,
3284 5172 3561 5254 expedita
3601 5190 3694 5232 es-

2147 5279 2268 5344 set,
2295 5290 2435 5350 pars
2455 5290 2597 5332 vero
2619 5270 2696 5332 ad
2719 5290 2907 5332 cornu
2926 5269 3236 5351 Evangelii
3259 5289 3297 5331 a
3318 5266 3697 5329 Subdiacono

493 5359 680 5423 sionis
710 5363 1111 5426 brachiorum
1135 5366 1313 5447 juxta
1355 5375 1616 5428 veterem
1659 5368 2039 5431 consuetudi·
2147 5372 2504 5445 occupatur,
2547 5364 2653 5444 qui
2687 5363 2932 5426 calicem
2974 5363 3151 5446 tergit
3173 5370 3234 5424 et
3272 5359 3576 5441 componit
3613 5359 3691 5421 ad

494 5472 632 5515 nem
648 5500 666 5529 ,
691 5463 761 5518 ut
782 5456 941 5523 idem
963 5458 1186 5521 Auctor
1212 5459 1552 5522 observavit
1577 5479 1714 5543 pag.
1740 5465 1877 5521 270.

2148 5458 2493 5521 Sacrarium
2526 5457 2915 5520 deferendum
2930 5503 2947 5531 ,
2994 5466 3307 5538 propterea
3333 5454 3573 5519 Missale
3612 5453 3689 5516 ad
