4487 6316
1672 570 1897 621 BERUM
1936 565 2364 622 NOTABthJM

3343 569 3448 622 ΑΝ

542 713 905 786 Eleemosynis
933 721 985 766 in
1031 734 1288 784 pauperes
1338 716 1566 785 erogatis
1593 715 1977 768 Defunctoruui
2079 715 2398 778 crationem,
2423 724 2475 767 et
2504 717 2706 786 mentio
2732 719 2970 786 ejusden
3001 718 3059 770 tlt
3099 719 3151 768 in
3169 716 3375 782 Basilii,
3397 715 3626 783 etesi-5·

437 806 640 859 animae
668 808 954 874 plurimum
985 808 1246 872 inurantur.
1275 805 1322 879 5.
1359 807 1537 859 Unum
1559 814 1820 868 superest.

547 897 686 948 Tum
717 895 782 948 de
807 896 1163 963 eleemosynis
1201 893 1465 963 perceptis
1510 910 1611 962 pro
1641 893 1821 950 Missis
1849 890 1979 941 cele·

437 981 691 1045 brandis,
744 992 854 1036 tum
905 983 972 1035 de
1001 983 1182 1034 Missis
1234 981 1511 1035 celebratis
1539 979 1983 1048 Archiepiscopus

440 1072 731 1123 Toletauus
760 1071 864 1130 sibi
894 1071 1123 1140 quilibet
1150 1070 1401 1122 trimestri
1432 1071 1698 1122 rationem
1732 1067 1883 1121 reddi
1919 1065 1982 1117 ab

437 1159 788 1211 Ecclesiarum
815 1160 1126 1224 Praefectis,
1180 1161 1292 1210 suis
1320 1158 1678 1227 synodalibus
1731 1158 1987 1210 constitu-

442 1246 680 1298 tionibus
706 1249 889 1314 jussit,
915 1248 1128 1315 sibique
1156 1246 1382 1300 liberum
1437 1264 1551 1299 csse
1580 1245 1777 1308 voluit,
1801 1244 1987 1296 Missa·

441 1352 588 1398 rum,
616 1354 749 1404 quae
776 1335 1063 1388 celebratae
1106 1352 1213 1385 non
1270 1335 1523 1395 fuissent,
1572 1333 1984 1394 celebrationem

441 1405 587 1484 alteri
617 1423 953 1474 committere
978 1423 1258 1474 Ecclesiae:
1310 1405 1455 1490 quod
1484 1423 1615 1473 Rota
1642 1422 1878 1484 Romana
1900 1436 1986 1486 ap-

444 1507 708 1575 probavit.
736 1508 986 1576 Append.
1015 1511 1066 1560 8.
1097 1508 1230 1580 5.1n
1257 1507 1532 1560 DIoecesi.

551 1597 702 1647 Sacra
728 1595 1082 1664 congregatio
1109 1596 1339 1660 Concilii
1382 1593 1588 1646 censuit
1635 1592 1982 1645 differendam

442 1699 553 1732 non
593 1700 707 1736 esse
759 1685 890 1734 ultra
919 1681 1308 1733 hebdomadam
1364 1675 1775 1734 celebrationem
1807 1680 1989 1731 Missa-

442 1788 557 1822 rum
576 1809 591 1835 ,
621 1789 720 1840 pro
748 1770 943 1839 quibus
972 1771 1025 1821 in
1056 1779 1200 1821 certo
1229 1771 1450 1837 alicujus
1476 1770 1739 1820 Ecclesiae
1793 1768 1986 1820 sacello

442 1859 775 1911 celebrandis
797 1857 1447 1926 eleemosynaeplurimae
1468 1856 1854 1909 conferrentur.
1877 1858 1990 1922 Ap·

438 1946 681 2014 pend.8.
730 1946 781 2018 5.
824 1944 999 2000 [laud
1048 1944 1333 1998 absimilis.
1362 1947 1424 1997 V.
1459 1941 1821 2012 Congregati'o
1855 1943 1989 1996 Con-

446 2035 585 2087 citii.

1078 2122 1373 2175 Elevots'o:

553 2297 785 2350 Eleratio
814 2299 1052 2359 Hostiae,
1080 2295 1133 2350 et
1156 2298 1350 2351 Calicis
1380 2296 1691 2354 immediate
1718 2305 1843 2363 post
1868 2313 1994 2347 con-

362 2377 371 2384 ⁰
446 2388 794 2439 secra-tionem
849 2388 1152 2438 introducta
1204 2388 1303 2440 fuit
1340 2387 1395 2442 in
1446 2373 1656 2455 signum
1686 2385 1992 2439 Catholicae

446 2474 599 2532 Fidei
653 2475 901 2526 adversus
925 2476 1222 2544 Berengarii
1253 2475 1551 2538 Haeresim,
1603 2476 1639 2532 I,
1668 2474 1718 2548 ²:
1749 2491 1796 2528 c.
1826 2475 1911 2525 16.
1939 2491 1992 2524 n.

445 2563 538 2614 27.
564 2564 623 2614 Et
654 2562 847 2614 alicubi
877 2563 1088 2627 Hostia,
1139 2572 1188 2615 et
1220 2564 1369 2616 Calix
1418 2564 1610 2620 elevari
1665 2572 1957 2628 coeperunt
1978 2599 1994 2625 ,

447 2649 577 2700 alibi
618 2652 730 2699 sola
757 2650 969 2715 Hostia,
1003 2651 1075 2716 uti
1132 2649 1288 2710 etiam
1316 2666 1469 2700 nunc.
1513 2648 1572 2699 fit
1611 2649 1747 2717 apud
1777 2639 1995 2702 Cartb‘u-

1998 801 1999 806 ’
2082 803 2308 854 sostomi
2337 803 2619 873 Liturgiis,
2650 805 2721 858 ib.

2697 971 3006 1036 Encaenio.
3033 1031 3034 1036 ,

2191 1156 2453 1218 Encaenia
2502 1157 2755 1210 festivitas
2805 1168 2915 1211 erat
2943 1157 3313 1211 Dedicationis
3366 1156 3623 1224 Templi,

2084 1240 2431 1313 eamdemque
2456 1244 2699 1298 Christus
2728 1249 3020 1316 praesentis
3050 1265 3141 1300 sua
3170 1247 3476 1307 illustravit,
3507 1247 3543 1295 1.
3580 1242 3628 1295 1.

2086 1347 2132 1380 c.
2164 1331 2211 1380 1.
2235 1348 2288 1381 η.
2318 1333 2370 1384 9.

2748 1420 2968 1491 Epltod.

2133 1637 2145 1646 .
2195 1592 2386 1661 prod
2415 1594 2469 1645 in
2500 1598 2638 1665 Lege
2663 1597 2822 1650 veteri
2854 1606 2963 1651 erat
3009 1596 3169 1650 vestis
3196 1575 3547 1658 Sacerdoti-lis
3577 1596 3637 1649 ti·

2087 1696 2183 1732 nea
2202 1717 2216 1742 ,
2245 1700 2564 1752 quamquam
2613 1686 2901 1754 aliquando
2929 1687 3105 1750 Laici,
3134 1694 3193 1738 ut.
3215 1685 3416 1751 David,
3445 1704 3503 1737 ea
3541 1684 3640 1764 ‚usi

2089 1767 2316 1834 fuerint,
2345 1771 2379 1821 l.
2420 1773 2467 1821 1.
2496 1789 2543 1823 c.
2572 1773 2625 1824 ’1.
2654 1790 2706 1823 n.
2738 1773 2789 1825 4.
2865 1841 2872 1848 .

2667 1894 3078 1965 Epimenicion.
3125 1925 3132 1932 ·
3159 1961 3167 1969 Ι

2197 2028 2574 2116 Epimanicion
2600 2032 2739 2102 apud
2763 2034 2994 2086 Graecos
3014 2009 3318 2102 manipulus
3343 2033 3558 2113 dicitnr.
3579 2033 3638 2098 v,-

2090 2117 2427 2186 Manipulus.

2705 2205 3026 2276 Episcopus.

2204 2377 2455 2448 Episcopi
2495 2382 2698 2434 mentio
2751 2383 2806 2434 in
2835 2385 3054 2436 Canone
3083 2383 3319 2451 facienda
3348 2392 3454 2444 est,
3482 2381 3641 2434 ctiam

2093 2486 2119 2516 a
2144 2469 2519 2534 Regularibus,
2575 2479 2625 2521 et
2648 2489 2675 2519 a
2704 2469 2864 2523 Clero
2913 2473 3195 2540 specialem
3223 2451 3513 2524 Praelatum
3555 2469 3645 2519 ba·

2092 2554 2269 2610 bente-
2309 2558 2451 2610 Olim
2479 2541 2870 2628 Episcoporum
2913 2559 3166 2624 nomina,
3196 2560 3286 2627 qui
3317 2541 3373 2630 in
3406 2556 3643 2610 Catholi-

2094 2663 2150 2694 οε·
2180 2645 2333 2708 Fide,
2362 2655 2410 2697 et
2438 2647 2823 2698 communione
2850 2646 3141 2710 obiissent,
3175 2648 3228 2697 in
3258 2649 3418 2698 Missa
3460 2641 3643 2697 recita·

452 2740 650 2789 sianos.
680 2739 830 2790 Calix
855 2738 1045 2790 elevari
1070 2737 1250 2805 coepit
1280 2745 1518 2805 apertus,
1546 2746 1594 2786 et
1622 2754 1939 2805 quamquam
1970 2756 1997 2788 a
2097 2736 2305 2804 bantur.
2333 2734 2398 2784 V.
2427 2733 2726 2800 De‘peycha.

446 2825 770 2893 quibusdam
819 2834 1103 2892 coopertus
1160 2826 1480 2888 elevaretur,
1534 2824 1621 2875 hic
1678 2833 1848 2877 tamen
1881 2841 1997 2876 mos

443 2911 786 2981 improbatus
816 2922 921 2975 est,
951 2928 1005 2961 η.
1032 2911 1114 2961 28.
1145 2923 1197 2961 ee
1218 2928 1362 2978 seqq.

560 2999 795 3058 Ele-vatio
828 2999 963 3067 apud
999 2999 1257 3061 Graecus,
1286 2999 1572 3058 Armenos.
1616 3007 1662 3050 et
1709 2998 2000 3067 Abyssinos

437 3080 757 3157 paulo'aute
804 3088 1240 3138 communionem
1286 3086 1373 3151 fit,
1404 3087 1437 3136 l.
1469 3087 1517 3136 2.
1546 3104 1592 3137 c.
1624 3089 1703 3137 16.
1738 3105 1789 3137 η.
1819 3088 1914 3139 27.
1939 3088 1996 3144 In

437 3166 817 3229 Gallica⁴circa
853 3175 1140 3226 dimidium
1168 3175 1258 3227 xl.
1286 3177 1479 3239 saecoli
1514 3175 1736 3226 elevatio
1768 3176 1998 3238 Hostiae,

443 3274 502 3316 et
527 3265 721 3316 Calicis
750 3263 861 3314 fieri
894 3263 1086 3327 coepit.
1119 3263 1178 3313 In
1209 3264 1442 3313 Romana
1468 3263 1699 3314 Ecclesia
1730 3263 1793 3312 ab
1843 3264 2002 3312 initio

449 3352 567 3405 xtl.
599 3350 799 3403 Saeculi
856 3348 917 3397 ad
950 3347 1105 3399 rerba
1159 3348 1334 3400 omnis
1360 3348 1567 3413 honor,
1598 3360 1650 3399 et
1688 3348 1872 3415 gloria
1900 3351 2004 3400 ele·

452 3442 720 3491 sationem
754 3436 868 3488 fieri
898 3437 1236 3495 consuevisse
1269 3445 1471 3487 certum
1500 3444 1606 3496 est,
1638 3435 1709 3486 ib.

566 3528 625 3579 ln
655 3525 948 3577 elevatione
973 3524 1246 3579 silentium
1300 3522 1614 3576 seriandum
1643 3533 1750 3586 est,
1776 3533 1828 3574 et
1852 3524 2005 3577 Chri-

456 3623 568 3665 stus
603 3616 753 3663 tacite
804 3611 1123 3662 adorandus:
1152 3620 1202 3662 at
1248 3612 1301 3661 in
1330 3610 1652 3679 quibusdam
1676 3611 1885 3683 §ulliae
1911 3613 2007 3662 Ec-

454 3702 634 3754 clesiis
664 3702 715 3750 in
736 3702 949 3751 Hostiae
976 3700 1269 3765 elevatione
1298 3701 1505 3749 canitur
1534 3701 1581 3753 0
1603 3698 1869 3760 salutaris
1887 3701 2005 3750 Ho-

450 3787 562 3841 stia
589 3799 688 3837 etc.
708 3786 807 3853 nui
838 3803 962 3835 mox
1015 3804 1040 3833 a
1070 3785 1344 3835 Ludovico
1370 3785 1483 3847 xlt.
1515 3785 1852 3837 introductus
1905 3785 2006 3837 fuit

456 3873 522 3924 ad
549 3873 645 3925 Dei
675 3888 833 3940 opem
855 3871 1250 3937 implorandam
1279 3870 1334 3920 in
1363 3869 1552 3934 bellis,
1580 3872 1777 3940 quibus
1798 3888 2007 3940 preme-

454 3960 639 4023 batur,
671 3961 702 4010 1.
733 3957 783 4009 2.
815 3973 860 4007 c.
892 3958 976 4008 1³.
1009 3974 1059 4006 n.
1090 3959 1172 4006 31.

565 4046 641 4100 Ad
670 4046 880 4098 Hostiae
930 4045 1281 4096 elevationem
1335 4062 1502 4108 genua
1529 4044 1787 4113 flectenda
1842 4057 2001 4099 sunt.

458 4134 832 4205 Lugdunensis
859 4142 1030 4184 tamen
1057 4134 1320 4184 Ecclesiae
1340 4133 1597 4186 Canonici
1627 4136 1819 4203 nolubnt
1846 4136 1899 4185 in
1923 4155 2008 4203 ge·
2042 4202 2045 4205 Ι

457 4242 562 4281 nus
592 4222 899 4292 procidere,
939 4220 1031 4287 sed
1079 4221 1139 4270 ad
1172 4239 1435 4273 summum
1467 4240 1520 4273 se
1560 4223 1833 4274 inclinant.
1865 4224 2008 4291 Quid

459 4316 517 4365 in
568 4309 929 4373 controversia
959 4308 1023 4360 de
1051 4308 1165 4367 huc*
1202 4327 1255 4359 re
1284 4308 1380 4359 snb
1409 4309 1651 4360 Honorio
1679 4310 1774 4362 Iu.
1801 4319 2008 4378 gestum

459 4402 558 4463 sit,
589 4400 622 4451 1.
650 4397 705 4448 2.
734 4415 778 4449 c.
814 4397 897 4447 ¹5.
926 4413 976 4445 n.
1008 4394 1096 4447 32.
1124 4408 1176 4446 et
1202 4395 1288 4445 33.

570 4488 928 4540 Elevntionem
962 4485 1202 4549 Hostiae,
1247 4499 1405 4551 quam
1434 4482 1696 4535 Lutherus
1752 4483 2008 4551 admisit,

459 4573 823 4630 CarlostadTus
852 4574 967 4623 tolli
1002 4571 1242 4633 volebat,
1277 4570 1346 4621 ib.

571 4660 648 4713 Ad
676 4659 1025 4719 elevationem
1073 4657 1288 4731 candela
1339 4658 1674 4722 accenditur,
1726 4667 1778 4711 et
1803 4677 2008 4729 campa·

459 4751 588 4803 nula
617 4751 882 4819 pulsatur,
912 4749 948 4798 l.
977 4746 1029 4797 2.
1058 4763 1106 4797 c.
1138 4748 1221 4796 16.
1253 4763 1303 4796 n.
1332 4746 1419 4797 26.
1450 4758 1504 4798 ee
1527 4763 1583 4798 n.
1608 4747 1697 4798 31.

569 4819 920 4897 Elevabaiitur
970 4834 1102 4889 otim
1134 4834 1342 4895 Hostia,
1395 4842 1448 4886 et
1470 4835 1619 4887 Calix
1674 4843 1798 4901 post
1848 4835 2005 4889 finem

458 4925 698 4980 Canonis
749 4923 811 4974 ad
848 4921 1005 4973 verba
1040 4920 1233 4975 Omnis
1283 4919 1490 4997 honos,
1539 4932 1592 4972 et
1612 4920 1828 4989 gloria,
1883 4922 2010 4975 haec

462 5010 690 5069 elevatio
743 5027 884 5061 nunc
914 5026 1069 5076 parva
1121 5008 1348 5074 dicitur,
1380 5010 1416 5061 l.
1443 5008 1495 5059 2.
1524 5024 1570 5059 c.
1600 5009 1692 5060 22.
1718 5026 1771 5061 n.
1823 5009 1911 5060 27.
1940 5012 2010 5062 Ea

461 5116 574 5153 non
604 5097 761 5149 debet
812 5105 1040 5165 quatuor
1077 5096 1277 5166 digitos
1302 5095 1610 5159 fexcedere,
1638 5114 1813 5166 neque
1866 5098 1921 5148 in
1949 5116 2009 5150 ea

460 5187 671 5257 populo
698 5184 963 5236 'adoranda
982 5174 1356 5243 ostenduntur:
1383 5185 1437 5235 in
1462 5203 1520 5237 ea
1549 5185 1742 5237 alicubi
1775 5185 2012 5253 pulsatur

458 5272 801 5340 campanula,
831 5270 956 5322 alibi
1014 5272 1370 5336 thurificatur,
1399 5288 1441 5322 e.
1476 5272 1560 5322 18.
1613 5290 1667 5323 n.
1700 5274 1785 5323 16.
1810 5272 2006 5325 Eadem

462 5360 737 5430 antiquior
771 5367 846 5410 est
902 5374 1024 5425 prae
1052 5359 1151 5409 alia
1169 5396 1183 5421 ,
1211 5377 1344 5426 quae
1360 5360 1549 5411 statim
1589 5359 1646 5411 fit
1673 5371 1797 5429 post
1823 5378 2008 5415 conse·

788 5473 996 5512 sasso.
1037 5473 1153 5512 xiv.
1193 5472 1338 5513 ross.
1377 5462 1530 5513 VIII.

2141 2835 2148 2842 ·
2204 2821 2503 2888 Episcopus
2557 2822 2611 2871 in
2641 2822 2833 2886 Missa,
2888 2830 3013 2889 post
3044 2822 3238 2890 Gloria
3291 2822 3348 2873 in
3389 2806 3647 2875 Exietsis

2008 2963 2013 2966 ,
2101 2907 2290 2960 diebus
2319 2909 2544 2960 laetitiae
2583 2918 2690 2957 non
2725 2907 3008 2980 Dominus
3043 2898 3488 2960 vobiscum'dicit
3508 2945 3523 2971 ,
3554 2907 3646 2959 sed

2100 3000 2232 3048 Pax
2259 2991 2435 3049 vobis:
2490 2999 2734 3063 exemplo
2762 2997 2991 3059 Christi,
3019 3000 3169 3064 cujus
3207 3008 3300 3048 est*
3336 2998 3516 3065 figura:
3546 2997 3653 3048 die-

2101 3084 2200 3136 bus
2230 3103 2355 3137 vero
2375 3084 2746 3151 *poenitentiae
2775 3083 2924 3135 dicit:
2958 3084 3557 3153 Domz‘naeffivobs‘suum,
3570 3086 3649 3135 ‘si-

2101 3183 2187 3224 cut
2218 3174 2270 3222 in
2303 3175 2524 3239 reliquis
2553 3173 2989 3236 salutationibus,
3020 3175 3054 3224 Ι.
3083 3173 3136 3224 2.
3166 3192 3210 3223 c.
3241 3176 3290 3224 4.
3320 3192 3375 3225 n.
3407 3176 3491 3226 18.

2208 3262 2465 3328 Episcopi
2497 3260 2592 3310 diu
2620 3260 2935 3312 benedicere
2974 3271 3361 3313 consueverunt
3384 3264 3448 3315 V.
3478 3264 3651 3313 Bene-

2104 3347 2294 3399 dictio.
2319 3348 2637 3402 Particulain
2692 3347 2926 3409 hostiae,
2954 3366 3112 3417 quam
3144 3366 3283 3400 nunc
3309 3350 3560 3418 Episcopi
3594 3349 3648 3399 in

2102 3428 2394 3487 Missa‘una
2423 3452 2540 3485 cum
2573 3436 2826 3501 sanguine
2882 3444 3075 3487 stantes
3101 3446 3343 3503 sumunt,
3375 3439 3502 3486 olim
3533 3437 3652 3489 Dia-

2104 3540 2276 3588 cono,
2305 3532 2355 3573 et
2381 3522 2723 3575 subdiacono
2753 3522 3070 3575 sumendam
3094 3524 3496 3593 relinquebant,
3528 3524 3563 3574 1.
3596 3522 3650 3575 2.

2104 3628 2150 3662 c.
2178 3612 2267 3662 21.
2297 3628 2348 3661 n.
2378 3613 2426 3663 δ.
2454 3612 2519 3662 V.
2552 3611 2891 3664 Communia.
3468 3663 3477 3672 ,

2212 3701 2515 3767 Episcopus
2556 3708 2680 3766 post
2707 3702 2831 3749 novi
2864 3698 3051 3765 Altaris
3079 3698 3649 3771 consecrationem·,si

2106 3786 2413 3840 debilitatus
2469 3788 2651 3848 suerit,
2688 3794 2862 3852 potest
2915 3788 3133 3839 alterum
3164 3785 3513 3851 substituere,
3555 3787 3648 3855 qui

2107 3894 2313 3926 sacrum
2369 3874 2537 3924 faciat.
2579 3874 2824 3940 Append.
2856 3876 2905 3925 5.
2936 3875 2981 3947 5.
3015 3875 3278 3926 Dilectus.
3303 3876 3445 3927 Olim
3476 3876 3654 3926 Sacer-

2107 3964 2291 4026 dotes,
2347 3964 2521 4011 solum
2578 3962 2914 4027 permittente
2940 3961 3245 4029 Episcopo,
3278 3962 3493 4021 Missam
3525 3963 3656 4012 cele-

2103 4053 2257 4103 brare
2285 4057 2557 4118 poterant,
2587 4050 2622 4098 1.
2651 4050 2701 4099 ³.
2732 4066 2778 4099 c.
2805 4048 2859 4101 2.
2878 4066 2930 4098 n.
2961 4051 3010 4101 δ.
3041 4062 3094 4101 et
3116 4049 3169 4101 ’1.

2214 4140 2516 4205 Episcopus
2570 4141 2963 4187 consecrandus
3015 4139 3069 4187 in
3110 4153 3217 4188 uno
3244 4136 3402 4187 Altari
3436 4136 3650 4188 Sacrum

2109 4228 2234 4279 facit
2261 4242 2424 4293 usque
2477 4224 2540 4295 ad
2569 4224 2915 4291 offertorium
2934 4260 2949 4286 ,
3005 4224 3199 4277 deinde
3224 4226 3441 4277 Missam
3474 4242 3657 4293 prosc·

2106 4317 2290 4383 quitur
2343 4314 2395 4362 iu
2426 4312 2563 4373 alio,
2618 4312 2671 4361 in
2702 4329 2810 4379 quo
2837 4312 3136 4385 Episcopus
3185 4327 3503 4364 consecrans
3525 4311 3659 4363 cele-

2106 4401 2241 4471 brat.
2272 4398 2520 4465 Append.
2554 4402 2600 4450 1.
2630 4399 2680 4472 5.
2713 4398 2769 4449 in
2797 4399 3069 4455 Rubrics't.

2216 4490 2501 4556 Episcopis
2529 4505 2554 4535 a
2584 4486 2835 4538 Concilio
2863 4485 3190 4539 Tridentino
3219 4487 3432 4539 facultas
3480 4485 3655 4537 adem-

2111 4587 2197 4646 pta
2222 4583 2304 4628 est
2330 4574 2663 4627 concedendi
2711 4575 2822 4625 suis
2847 4573 3190 4635 Dioecesanis
3215 4575 3521 4643 oratorium
3549 4573 3657 4625 Do·

2111 4665 2182 4715 mi
2236 4664 2530 4732 privatum,
2562 4662 2652 4714 ubi
2680 4662 2842 4713 Missa
2896 4661 3149 4729 celebrari
3200 4661 3400 4729 possit,
3442 4663 3479 4712 1.
3507 4660 3559 4712 8.
3609 4676 3656 4710 c.

2110 4753 2163 4803 6.
2190 4768 2246 4803 n.
2278 4753 2325 4801 1.
2354 4763 2408 4801 et
2430 4750 2483 4801 2.
2510 4751 2740 4803 Possunt
2771 4758 2945 4801 tamen
2986 4750 3089 4817 ipsi
3119 4749 3176 4813 jn
3205 4749 3316 4800 suis
3344 4748 3566 4800 aedibus
3596 4748 3658 4799 il·

2109 4838 2200 4891 tud
2229 4838 2451 4901 habere,
2491 4846 2541 4889 et
2579 4838 2633 4893 in
2662 4854 2727 4889 eo
2756 4838 2945 4889 Missas
2976 4835 3273 4898 celebrare,
3300 4844 3352 4885 et
3379 4835 3499 4899 aliis
3538 4850 3655 4902 per-

2113 4928 2349 4988 mittere,
2375 4934 2432 4975 ut
2459 4926 2511 4976 in
2540 4943 2604 4979 eo
2632 4924 2917 4988 celebrent,
2947 4923 3016 4975 ih.
3036 4924 3262 4976 Possunt
3289 4925 3444 4986 ctiam
3472 4921 3547 4973 uti
3573 4919 3655 4971 At-

2111 5013 2205 5063 tari
2238 5012 2426 5063 mobili
2458 5010 2530 5062 ib.
2558 5012 2621 5062 V.
2651 5012 2866 5063 Δίων-ε.

2217 5100 2503 5168 Episcopis
2531 5098 2777 5152 Trident.
2806 5098 3018 5152 Concil.
3048 5099 3408 5150 anctoritatem
3437 5095 3657 5157 tribuit,

2114 5196 2167 5240 ut
2194 5189 2353 5239 etiam
2385 5196 2632 5255 tanquam
2664 5186 2820 5239 Sedis
2842 5186 3181 5253 Apostolicae
3208 5184 3441 5252 Delegati
3473 5197 3655 5249 pravas

2112 5274 2836 5342 consuetudinfficorrigant.
2860 5274 3016 5342 Quod
3041 5273 3354 5327 Benedictus
3373 5271 3508 5324 xlv.
3531 5285 3658 5319 con-

2113 5364 2371 5428 firmavit,
2401 5373 2448 5414 et
2478 5379 2659 5414 curare
2709 5378 2805 5414 eos
2831 5362 3015 5429 iussit,
3045 5370 3102 5412 ut
3126 5359 3287 5421 Altari
3308 5395 3324 5422 ‚
3353 5358 3408 5409 in
3442 5373 3552 5427 quo
3574 5357 3662 5407 Sa-
