4487 6316
1640 558 1885 611 RERUM
1922 553 2349 611 NOTABHJUM

427 717 696 770 «lumentis
716 717 1011 770 necessaria
1039 726 1115 768 cst
1147 726 1253 766 tum
1275 714 1491 785 qnando
1514 732 1574 766 ex
1596 715 1861 767 veteribus
1891 714 1977 766 be·

425 806 652 857 nedictis
692 809 833 858 aliud
882 806 1253 858 indumentum
1294 803 1615 867 coniicitur,
1655 804 1794 873 App.
1835 802 1887 855 2.
1927 802 1975 876 fi.

428 899 554 947 Iloc
575 907 756 964 pacto.

1048 1017 1324 1072 Viaticum
1348 1056 1359 1069 .

533 1158 798 1209 viaticum
827 1157 1096 1225 suscipere
1124 1155 1322 1208 infirmi
1353 1155 1622 1223 jubentur,
1651 1153 1742 1207 sed
1768 1170 1834 1206 eo
1865 1171 1979 1205 mo·

3333 562 3438 613 108

2080 715 2224 781 giliis
2249 717 2379 766 olim
2408 716 2594 769 Missae
2625 731 2720 784 per
2744 723 2953 767 noctem
2978 715 3413 775 cole-brabantum
3443 717 3636 771 borum

2081 803 2288 856 dierum
2318 812 2462 855 erant
2493 804 2726 873 ipsarum
2754 805 3121 856 Festivitatum
3142 843 3156 869 ,
3184 822 3294 857 non
3326 807 3627 877 vigiloarum

2077 894 2300 957 Missae,
2330 891 2400 944 ib.

2734 1020 2784 1071 V
2782 1016 2966 1087 igih'gts
2979 1055 2992 1069 .

2186 1155 2250 1206 ln
2276 1156 2473 1224 Vigilia
2500 1155 2799 1211 Nativitatis
2823 1157 3022 1209 Christi
3051 1157 3213 1210 Missa
3243 1166 3367 1226 post
3397 1155 3628 1210 mediam

424 1245 529 1306 «lo,
568 1265 675 1312 qun
706 1244 878 1297 decet:
916 1263 1077 1315 qinare
1115 1261 1225 1295 non
1266 1244 1416 1297 facile
1453 1243 1839 1295 admittendum
1864 1280 1878 1306 ,
1920 1251 1976 1294 ut
2077 1252 2292 1295 noctem
2320 1245 2571 1322 celebrari
2605 1253 2807 1313 potest,
2838 1247 2872 1296 l.
2904 1246 2952 1295 8.
2985 1262 3031 1297 c.
3061 1245 3097 1298 ’1
3144 1263 3178 1297 n
3228 1247 3277 1298 ὅ.
3307 1248 3367 1296 V.
3408 1248 3578 1298 Hora.

425 1335 557 1386 eluae
592 1337 784 1385 Missae
820 1334 1009 1385 eodem
1041 1333 1128 1384 die
1155 1332 1218 1383 ab
1259 1349 1367 1383 uno
1398 1332 1679 1384 Sacerdote
1706 1330 1974 1383 celebren-

425 1433 538 1486 tur,
583 1433 634 1473 ut
662 1424 924 1474 Vis-ticum
959 1421 1175 1473 infirmo
1207 1421 1497 1471 ministrari
1538 1419 1745 1488 possit,
1783 1420 1819 1470 l.
1848 1418 1898 1469 8.
1927 1435 1973 1470 c.

424 1513 475 1563 ὅ.
507 1529 559 1563 n.
602 1512 649 1561 3.
691 1507 873 1580 Neque
912 1509 1181 1561 Sacerdoti
1213 1526 1322 1558 non
1361 1510 1542 1576 jejuno
1580 1509 1705 1560 licet
1731 1506 1793 1556 ad
1831 1523 1977 1558 eum·

424 1599 544 1651 dem
568 1598 812 1650 effectum
844 1601 1058 1650 Missam
1081 1596 1367 1657 celebrare,
1396 1598 1431 1647 1.
1460 1597 1493 1648 3
1541 1613 1584 1647 c.
1610 1596 1692 1647 1².
1721 1612 1773 1646 n.
1797 1596 1850 1646 8.
1877 1597 1975 1648 Ne-

420 1706 524 1755 que
553 1688 804 1754 particula
833 1686 1129 1737 consec-rari
1164 1694 1356 1752 potest,
1388 1703 1520 1751 quae
1549 1683 1611 1733 ad
1640 1683 1809 1734 Altare
1838 1682 1978 1735 ‹tese-

422 1783 594 1836 ratur,
623 1784 903 1842 postquam
935 1773 1207 1825 celebrans
1230 1774 1465 1842 coeperit
1494 1773 1766 1826 Canonem
1797 1772 1977 1823 recita·

423 1881 506 1923 re,
543 1864 570 1912 1.
605 1863 637 1914 ³
686 1880 730 1912 c.
768 1863 848 1911 18.
879 1879 931 1911 η.
960 1863 1009 1913 5.

529 1952 671 2002 Olim
704 1952 744 2002 si
778 1947 1133 2001 moribundus
1162 1957 1390 1999 sanctam
1432 1964 1541 1999 non
1573 1947 1831 2015 potuisset
1860 1963 1975 2016 par-

2184 1331 2414 1401 Vigilius
2458 1333 2595 1398 Papa
2640 1334 2696 1382 in
2742 1334 2963 1385 Basilica
3016 1333 3266 1384 Vaticana
3310 1332 3408 1385 sub
3454 1332 3628 1385 Anm

2077 1417 2245 1484 obiit,
2272 1421 2658 1490 et'quomedo,
2689 1422 2724 1472 t.
2756 1422 2803 1472 1.
2833 1437 2880 1472 c.
2906 1420 2960 1472 2.
2988 1437 3040 1472 n.
3074 1423 3156 1473 11.

2740 1543 2939 1599 Vitium
2956 1585 2968 1598 .

2182 1685 2384 1737 Vinum
2439 1694 2518 1738 est
2572 1686 2788 1737 materia
2849 1686 3103 1739 sacrificii
3170 1687 3390 1750 Missae,
3452 1685 3624 1738 idem·

2074 1792 2178 1844 que
2215 1773 2430 1826 deberet
2461 1791 2575 1826 esse
2602 1783 2838 1826 accurate
2867 1785 3101 1843 paratum
3135 1796 3146 1827 ε
3176 1793 3284 1826 non
3324 1783 3403 1828 est
3450 1784 3624 1828 tamen

2076 1862 2291 1914 materia
2342 1873 2488 1929 apta,
2527 1862 2570 1913 si
2601 1864 2772 1930 major
2797 1881 2985 1931 aquae,
3023 1865 3104 1916 vel
3137 1863 3350 1915 alterius
3395 1863 3624 1932 liquoris

2070 1948 2334 2018 quantitas
2385 1966 2504 2000 cum
2548 1967 2612 2000 eo
2655 1949 2914 2017 permixta
2961 1951 3046 2012 sit,
3075 1949 3220 2018 quod
3265 1967 3329 2001 ne
3356 1949 3620 2014 eveniret,

425 2040 636 2090 ticulum
683 2038 971 2106 deglutire,
1013 2039 1065 2088 iu
1106 2038 1219 2106 ejus
1264 2037 1512 2088 solatium
1562 2036 1818 2105 particula
1857 2053 1968 2087 nou
2074 2053 2234 2102 parvo
2290 2036 2551 2089 cochleari
2598 2055 2731 2106 aqua
2769 2037 2900 2087 olim
2949 2038 3002 2087 in
3042 2038 3270 2090 Calicem
3304 2036 3626 2087 immitteba-

422 2137 722 2179 consecrata
748 2126 1101 2189 deferebatur,
1131 2127 1209 2177 vel
1241 2128 1397 2178 etiam
1424 2135 1745 2190 consecrata,
1775 2133 1828 2175 ut
1857 2143 1969 2176 eam
2074 2131 2185 2187 tur,
2241 2133 2299 2176 ut
2333 2125 2490 2177 etiam
2545 2141 2686 2178 nunc
2737 2123 2953 2195 quidam
3009 2126 3234 2189 faciunt,
3280 2126 3314 2176 l.
3348 2125 3395 2176 3.
3441 2141 3486 2176 c.
3539 2125 3622 2176 10.

423 2215 685 2280 adoraret,
718 2218 868 2283 cujus
896 2216 968 2266 rei
1003 2216 1134 2266 mira
1161 2216 1461 2266 re¹'eruntur
1485 2214 1743 2281 exempla,
1767 2212 1856 2264 sed
1888 2213 1973 2266 bic
2070 2229 2124 2266 n.
2155 2213 2236 2265 ¹5.

423 2321 539 2354 mos
569 2305 721 2366 iustis
753 2305 817 2355 de
847 2304 1021 2355 causis
1050 2302 1286 2355 sublatus
1315 2310 1422 2364 est,
1442 2302 1490 2352 Δ1.
1521 2302 1569 2352 ³.
1600 2320 1647 2353 c.
1678 2304 1763 2353 1⁹.
1792 2319 1842 2352 n.
1874 2301 1924 2351 4.

2180 2301 2409 2364 Vinum,
2438 2301 2565 2352 dum
2597 2300 2651 2352 in
2680 2301 2910 2355 Calicem
2952 2300 3284 2365 infunditur,
3321 2317 3429 2350 non
3470 2300 3626 2354 bene·

529 2393 673 2443 Olim
721 2391 1077 2452 moribundo,
1119 2392 1208 2460 qui
1238 2390 1619 2442 Eucharistiam
1657 2389 1756 2441 sub
1795 2389 1973 2458 specie
2018 2445 2021 2446 ⁷
2080 2384 2312 2451 dicitur,
2340 2388 2465 2456 quia
2507 2388 2769 2453 significat
2803 2388 3096 2454 Christum,
3125 2387 3215 2458 qui
3245 2386 3625 2441 benedictione

422 2482 574 2548 panis
601 2480 861 2549 deglutire
882 2497 991 2531 non
1022 2487 1220 2548 posset,
1251 2497 1308 2530 ea
1336 2486 1544 2546 poterat
1572 2476 1669 2529 sub
1698 2478 1874 2546 specie
1901 2478 1972 2529 vi·

421 2569 507 2633 ni,
540 2578 622 2618 anit
654 2570 806 2636 panis
836 2570 960 2619 vino
991 2577 1299 2618 consecrato
1331 2567 1542 2618 intincti
1574 2566 1847 2634 praeberi3
1878 2566 1968 2618 sed

2074 2491 2184 2525 non
2217 2476 2441 2542 indiget,
2473 2478 2508 2528 l.
2535 2476 2588 2528 2.
2622 2494 2668 2529 ο.
2700 2479 2782 2528 10.
2813 2495 2864 2527 η.
2897 2478 2960 2527 11

2180 2565 2309 2615 Post
2332 2565 2457 2616 Vini
2479 2566 2951 2618 consecrationem
2981 2565 3036 2615 in
3087 2565 3321 2616 Ecclesia
3365 2563 3624 2616 Occiden-

420 2676 590 2725 ueque
619 2658 719 2707 boc
741 2658 970 2723 amplius
992 2658 1133 2717 licet,
1164 2657 1195 2705 Ι.
1230 2656 1281 2709 3.
1306 2674 1351 2707 c.
1380 2656 1462 2706 19.
1483 2672 1533 2705 n.
1559 2655 1610 2707 δ.
1642 2655 1969 2724 Quamquam
2073 2653 2161 2702 tali
2216 2671 2348 2721 aqua
2401 2669 2509 2703 non
2539 2663 2617 2706 est
2648 2652 3024 2705 immiscenda.
3067 2653 3252 2706 Graeci
3281 2669 3467 2720 aquam
3498 2651 3624 2702 cali-

422 2745 660 2796 l‘orta-sis
703 2753 883 2813 posset
919 2744 965 2794 ei
1008 2761 1150 2794 sacra
1173 2744 1437 2794 Particula
1475 2742 1601 2792 vino
1641 2759 1749 2791 non
1790 2758 1974 2792 conse·

418 2843 562 2882 erato
601 2833 821 2882 intincta
858 2831 1130 2895 exhiberi,
1170 2841 1226 2881 ut
1276 2831 1407 2881 olim
1450 2828 1738 2899 aliquando
1777 2829 1969 2880 factum

418 2928 516 2980 est,
541 2918 732 2970 ib.Lex
761 2919 826 2969 «le
854 2920 1077 2970 naturali
1101 2919 1308 2987 jejunio
1340 2917 1599 2969 servando
1626 2934 1836 2987 aegrum
1858 2933 1969 2968 non

421 3007 653 3075 obligat,
681 3008 773 3077 qui
802 3008 968 3059 sumit
993 3007 1288 3072 Viaticum,
1318 3006 1388 3058 ib.

1057 3180 1333 3236 Vicarius.

523 3359 759 3424 Vicarii,
796 3376 887 3413 sen
913 3359 1245 3425 Oeconomi,
1285 3359 1374 3428 qui
1405 3359 1638 3411 Ecclesia
1673 3357 1967 3411 parochiali

414 3456 657 3513 vacante,
700 3451 779 3502 vel
809 3448 878 3500 οδ
923 3448 1078 3499 aliam
1109 3447 1474 3499 necessitatem
1505 3464 1569 3499 ex
1602 3447 1811 3499 Concil.
1852 3448 1975 3499 Tri-

413 3536 619 3588 dentini
652 3536 985 3606 praescripto
1018 3537 1359 3605 deputantur,
1388 3543 1442 3586 ut
1469 3537 1762 3586 animarum
1792 3552 1969 3587 curam

414 3634 627 3689 gerant,
668 3634 917 3678 tenentur
947 3624 1296 3688 l)ominicis,²
1321 3625 1647 3693 caeterisque
1681 3624 1826 3676 festis
1864 3623 1975 3676 «tie-

413 3712 516 3763 bus
545 3712 610 3764 de
634 3722 916 3782 praecepto
943 3715 1160 3763 Missam
1192 3731 1291 3781 pro
1312 3714 1521 3782 Populo
1551 3712 1653 3764 sibi
1678 3713 1971 3765 commisso

415 3800 683 3853 celebrar-
710 3838 725 3864 ,
766 3809 817 3852 et
858 3802 1153 3868 applicare,
1194 3800 1443 3871 Append.
1481 3803 1534 3853 7.
1573 3820 1625 3852 n.
1665 3803 1713 3852 ⁴.
1746 3812 1797 3853 et
1825 3818 1970 3869 seqq.

416 3890 508 3941 His
534 3889 763 3942 Vicariis
791 3905 1022 3956 congrua
1046 3905 1106 3939 ex
1136 3887 1397 3939 fructibus
1417 3890 1666 3940 Beneficii
1694 3890 1875 3958 portio
1898 3907 1973 3940 as·

413 3977 612 4045 signari
652 3991 752 4044 pro
790 3973 1055 4041 ejusmodi
1097 3974 1488 4038 celebratione,
1527 3984 1577 4027 et
1612 3976 1972 4044 applicatione

413 4073 622 4133 potest,
650 4061 900 4132 Append.
932 4063 982 4114 ’1.
1016 4063 1047 4137 5
1091 4063 1145 4114 9.
1175 4073 1226 4114 et
1255 4064 1338 4113 10.

1046 4236 1281 4290 Victima
1309 4276 1322 4288 .

518 4415 745 4466 Victima
782 4431 882 4483 pro
920 4412 1202 4465 sacrificiis
1251 4411 1388 4482 apud
1428 4413 1722 4475 lix-ebreos,
1768 4414 1967 4476 electa,

406 4505 559 4573 quasi
582 4502 895 4554 sanctificata
924 4500 1254 4567 censebatur,
1280 4512 1330 4554 et
1357 4521 1383 4552 a
1414 4502 1641 4568 profano
1672 4520 1766 4554 usu
1796 4519 1968 4554 semo·

408 4602 487 4655 ta,
517 4608 575 4641 ac
604 4591 752 4658 plura
778 4591 832 4641 in
861 4608 920 4641 ea
947 4588 1277 4640 immolanda
1307 4590 1719 4658 peragebantur,
1752 4591 1786 4641 l.
1814 4589 1868 4640 2.
1919 4606 1964 4641 c.

412 4682 496 4731 11.
529 4696 580 4729 n.
612 4681 661 4731 5.
693 4680 928 4741 Totum,
958 4677 1011 4727 id
1042 4677 1187 4747 quod
1220 4679 1273 4728 iu
1303 4698 1360 4729 ea
1393 4679 1759 4733 immolatione
1797 4676 1968 4747 expri-

406 4766 667 4827 mebatur,
697 4766 749 4816 iu
780 4765 1051 4817 Sacrificio
1078 4765 1270 4817 Missae
1296 4765 1547 4830 habetur,
1579 4765 1649 4817 ib.

515 4852 653 4903 Victi
666 4871 775 4904 mae
789 4851 1081 4903 destructio
1096 4852 1157 4901 ad
1175 4853 1502 4904 Sacrificium
1520 4853 1793 4922 requisita,
1807 4852 1964 4907 etiam

404 4943 458 4991 in
498 4940 662 4991 Missa
691 4957 788 4991 suo
816 4938 983 4990 modo
1014 4937 1099 5000 fit,
1131 4940 1165 4990 Ι.
1194 4938 1227 4988 2
1276 4958 1320 4990 c.
1354 4941 1437 4991 16.
1468 4957 1518 4990 η.
1548 4939 1637 4993 22.

1072 5103 1122 5154 V
1119 5099 1275 5169 igilia
1300 5139 1312 5150 .

518 5271 579 5322 ln
627 5268 840 5337 Vigiliis
885 5269 1138 5339 Alleluja
1167 5271 1459 5335 omittitur,
1497 5275 1728 5341 exceptis
1765 5274 1964 5343 vigiliis

403 5357 690 5421 nuntiatis,
720 5365 766 5407 et
802 5357 1155 5422 Pentecosten,
1186 5358 1220 5408 1.
1248 5358 1300 5408 2.
1333 5375 1378 5409 c.
1411 5360 1461 5410 5.
1489 5377 1541 5411 ιι.
1574 5361 1658 5412 10.
1686 5362 1747 5413 In
1778 5360 1862 5414 his
1891 5362 1961 5415 vi-

2070 2740 2192 2790 dam
2250 2740 2579 2805 infundunt,
2641 2759 2736 2794 nec
2777 2741 3171 2809 improbantur,
3212 2741 3247 2790 Ι.
3289 2740 3339 2791 3.
3371 2756 3400 2789 c
3451 2741 3536 2790 10.
3564 2755 3620 2792 η.

2074 2831 2142 2881 10
2194 2830 2247 2880 Si
2280 2847 2463 2897 magua
2510 2848 2693 2899 aquae,
2723 2832 2801 2881 vel
2831 2831 2936 2880 vini
2969 2831 3045 2881 vis
3073 2828 3469 2890 infunderetur,
3498 2844 3622 2895 pro-

2070 2916 2304 2969 babilius
2359 2926 2466 2982 est,
2519 2917 2690 2970 adbuc
2717 2936 2986 2972 remanere
3016 2918 3437 2981 Sacramentum,
3465 2916 3536 2967 ih.
3570 2926 3623 2968 et

2068 3021 2122 3056 n.
2151 3006 2237 3057 17.

2175 3095 2376 3145 Vinum
2406 3094 2647 3164 ineptum
2675 3094 2717 3145 si
2741 3095 2794 3146 in
2826 3095 2986 3146 Missa
3015 3095 3149 3146 forte
3181 3093 3485 3163 appositum
3517 3092 3622 3143 lue·

2073 3183 2170 3247 rit,
2200 3182 2362 3251 idque
2390 3193 2531 3246 aute,
2560 3185 2638 3235 vel
2668 3194 2786 3252 post
2808 3184 3277 3237 consecrationem
3306 3182 3621 3245 advertatur,

2069 3270 2211 3321 aliud
2241 3270 2622 3337 apponendum
2651 3279 2759 3337 est,
2788 3272 2827 3324 1.
2855 3271 2888 3322 3
2932 3287 2976 3322 c.
3011 3272 3094 3323 13.
3130 3287 3184 3322 η.
3212 3270 3263 3321 3.
3293 3279 3346 3321 et
3366 3285 3512 3337 seqq.
3550 3270 3615 3320 V.

2073 3357 2357 3426 Defectus.

2179 3448 2378 3499 Vinum
2411 3447 2542 3499 olim
2580 3466 2607 3500 a
2644 3445 2929 3501 Fidelibus
2956 3447 3021 3499 ad
3045 3446 3218 3500 Altare
3256 3443 3577 3498 offerebatur
3600 3481 3614 3495 .

2067 3537 2133 3590 V.
2180 3536 2421 3590 oblatio.

2177 3627 2378 3679 Vinum
2404 3664 2419 3691 ,
2457 3642 2566 3676 non
2608 3634 2973 3678 consecratum
3033 3625 3246 3676 Hostiae
3282 3630 3617 3676 consecratae

2070 3723 2319 3767 contactu
2359 3731 2468 3764 non
2493 3723 2851 3777 consecratur,
2888 3713 2923 3763 1.
2949 3712 3002 3764 2.
3034 3730 3079 3764 c.
3118 3711 3168 3763 2.
3201 3730 3254 3762 n.
3284 3712 3367 3761 18.

2177 3802 2377 3853 Vinum
2420 3811 2541 3871 post
2575 3800 3016 3853 communionem
3067 3819 3093 3849 a
3148 3798 3525 3852 Sacerdotibus
3564 3797 3620 3848 in

2069 3891 2231 3942 Missa
2253 3890 2497 3952 sumitur,
2527 3890 2563 3943 1.
2585 3888 2636 3939 2.
2666 3906 2709 3940 c.
2740 3888 2827 3939 21.
2853 3906 2905 3939 n.
2936 3890 2983 3940 04
3016 3897 3066 3940 et
3091 3888 3301 3957 Populo
3328 3895 3451 3955 post
3479 3903 3623 3937 com-

2072 3977 2388 4029 munionem
2420 3974 2733 4045 praebetur,
2772 3977 2807 4026 l.
2837 3975 2872 4027 2
2922 3993 2969 4027 e.
3008 3975 3096 4026 22.
3127 3992 3178 4025 n.
3212 3976 3259 4025 1.
3289 3981 3339 4025 ει
3378 3989 3522 4040 seqq.
3553 3971 3619 4022 V.

2076 4062 2398 4118 Commum‘o
2420 4103 2432 4115 .

2176 4154 2376 4204 Vinum
2403 4150 2731 4203 diabolicum
2755 4169 2890 4214 esse,
2919 4151 3162 4218 illudque
3185 4149 3385 4218 impios
3413 4147 3619 4212 bibere,

2069 4240 2203 4292 dixit
2232 4240 2490 4292 Tatianus
2529 4257 2647 4291 cum
2693 4240 2824 4304 suis,
2849 4239 3081 4309 ideoque
3110 4239 3163 4289 in
3192 4240 3352 4290 Missa
3389 4256 3454 4289 eo
3509 4253 3621 4288 non

2069 4328 2344 4393 utebatur,
2395 4330 2427 4380 1.
2459 4327 2512 4379 2.
2554 4346 2599 4380 e.
2633 4330 2713 4379 10.
2754 4345 2804 4378 n.
2839 4328 2886 4378 8.
2925 4327 3071 4381 Idem
3101 4327 3241 4397 apud
3282 4323 3623 4378 Manichacus

2067 4417 2121 4466 in
2152 4433 2302 4470 more
2321 4418 2557 4485 positum
2586 4425 2713 4481 erat,
2739 4416 2831 4485 qui
2858 4417 3076 4480 Romae,
3099 4431 3165 4467 ne
3194 4421 3621 4484 agnoscerentur,

2067 4504 2453 4556 Eucharistiam
2484 4502 2581 4556 sub
2613 4505 2792 4573 specie
2815 4513 3027 4556 {anitum
3058 4504 3212 4573 panis
3257 4502 3494 4571 accipere
3521 4508 3625 4552 stu-

2071 4590 2287 4659 debant,
2311 4594 2349 4644 l.
2376 4591 2429 4644 2.
2460 4609 2507 4644 ο.
2529 4592 2616 4643 22.
2647 4609 2700 4643 n.
2720 4590 2810 4643 22.
2839 4603 2891 4643 et
2907 4591 2997 4644 23.

2745 4717 2910 4785 Virgo
2933 4757 2944 4769 .

2174 4858 2454 4925 Virginum
2490 4859 2794 4909 Sanctarum
2837 4856 3058 4909 nomina
3106 4859 3156 4911 S.
3214 4855 3502 4926 Gregorius
3539 4857 3614 4906 M.

2070 4947 2279 4999 Caneni
2320 4946 2556 4997 addidit.
2590 4947 2653 4997 V.
2698 4947 2903 4998 Canon.

2362 5101 2516 5154 Unde
2543 5113 2596 5154 ee
2625 5102 2894 5156 Memores
2920 5101 3183 5165 Domine,
3212 5113 3314 5155 etc.

2178 5279 2370 5347 Quarta
2399 5287 2473 5329 est
2507 5277 2746 5330 Canonis
2774 5279 2980 5340 Oratio,
3011 5286 3062 5330 et
3088 5276 3397 5344 explicatur,
3428 5276 3461 5325 1.
3489 5273 3540 5326 2.
3571 5291 3616 5324 c.

2012 5368 2019 5405 ⁰-
2069 5367 2152 5417 10.
2180 5383 2284 5434 per
2305 5377 2399 5418 tot.
2429 5368 2491 5417 V.
2532 5365 2726 5419 Oratio
2747 5405 2757 5417 .
