4487 6316
933 511 1049 564 XtV

753 658 911 716 valde
938 657 1230 733 probatam
1252 657 1451 734 fuisse,
1484 677 1636 716 nemo
1660 668 1901 718 restrum
1927 660 2172 735 iynorat.
2209 656 2356 717 Cum
2382 667 2570 718 autem
2596 656 2674 717 ad
2705 666 2927 718 tantum
2955 676 3092 737 opus
3117 657 3490 735 colliqendum
3506 706 3521 729 ,
3551 661 3971 731 adornamlum,

751 762 916 829 atque
942 751 1361 819 absolvendum,
1392 754 1697 813 multorum
1729 754 1887 812 labor
1910 753 2213 812 necessario
2235 753 2595 829 requiratur,
2625 770 2720 829 eqo
2743 752 2876 811 sane
2908 771 2999 811 vos
3026 771 3239 829 quoque
3266 754 3328 811 in
3362 754 3480 830 ejus
3513 756 3710 815 edemli
3736 776 3972 826 curam,

750 854 916 922 atqve
944 845 1003 901 in
1021 843 1145 919 jam
1172 845 1313 903 editi
1335 845 1584 921 fructum
1608 848 1777 905 socios
1794 847 2105 906 ⁴adsciscam
2124 893 2138 915 ‚
2169 847 2219 904 si
2246 856 2426 905 vestra
2458 845 2591 903 rotis
2615 845 2746 903 meis
2774 844 2965 904 studia
2992 845 3315 923 respondere
3339 846 3806 908 animadvertero.

868 935 1153 996 Postremo
1180 956 1294 1001 non
1321 939 1417 996 abs
1447 958 1506 997 re
1535 958 1641 998 esse
1665 949 1837 1017 puto,
1865 958 2053 1018 pauca
2080 940 2283 1017 aliqua
2311 940 2542 998 innuere
2560 986 2575 1008 ,
2609 957 2751 1016 quae
2781 939 2927 998 vobis
2959 939 3182 1016 hujusce
3222 941 3552 1018 disciplinae
3581 952 3631 1000 et
3664 943 3974 1004 utilitatem

744 1039 797 1088 et
821 1032 1225 1099 necessitatem,
1255 1041 1307 1091 et
1330 1035 1740 1110 praestantiam
1763 1033 2137 1112 ymtesaeiant,·
2161 1053 2297 1095 nam
2325 1030 2377 1092 si
2404 1032 2468 1090 de
2499 1033 2750 1092 utilitate
2780 1052 2955 1091 sermo
2979 1034 3077 1101 sit,
3106 1033 3258 1091 illud
3287 1033 3543 1102 habetur,
3569 1034 3968 1108 Eminentiss„

740 1142 808 1183 ac
838 1122 1214 1183 Reverendiss.
1247 1123 1552 1185 Dominum
1587 1125 1753 1185 Urbis
1794 1125 2082 1185 Vicarium
2111 1128 2456 1204 apertissime
2475 1127 2600 1201 jam
2645 1126 2813 1203 [uisse
2837 1126 3149 1206 professum
3194 1146 3302 1186 sese
3326 1132 3693 1209 praecipuam
3736 1133 3972 1192 illomm

736 1218 1012 1276 rationem
1040 1237 1147 1277 esse
1177 1218 1509 1287 ducturum,
1543 1239 1784 1296 quorum
1812 1219 1986 1296 factos
2015 1221 2080 1278 in
2109 1220 2213 1278 hac
2242 1220 2429 1278 eadem
2460 1220 2761 1298 disciplina
2789 1238 3110 1298 proqressus
3155 1229 3205 1279 et
3255 1239 3372 1279 meo
3419 1223 3731 1283 testimonio
3773 1235 3824 1284 et
3867 1246 3973 1286 suo

739 1312 1116 1389 experimento
1153 1313 1603 1391 comprobaverit.
1641 1311 1714 1371 Si
1744 1332 1866 1371 cero
1896 1313 2267 1371 necessitatem
2296 1313 2649 1381 excutiamus
2667 1358 2685 1381 ,
2714 1322 3053 1391 compertum
3083 1313 3338 1371 omnibus
3368 1325 3443 1372 est
3475 1326 3728 1395 optat-um
3768 1318 3844 1378 ad
3872 1337 3966 1378 sa-

736 1422 855 1463 cros
885 1400 1157 1474 Ordines,
1191 1415 1241 1464 et
1272 1405 1669 1466 Ecclesiastica
1700 1407 2013 1465 ministeria
2044 1406 2265 1464 aditum
2307 1407 2562 1465 aliarum
2607 1406 2949 1483 facultatum
2993 1408 3212 1485 iqnaris
3254 1427 3372 1485 ,non
3414 1428 3521 1468 esse
3560 1412 3962 1482 interclusum,

736 1498 904 1578 hujus
932 1501 1260 1581 disciplinae
1287 1503 1477 1561 insciis
1504 1512 1693 1580 patere
1724 1521 1835 1559 non
1860 1520 2030 1580 posse.
2068 1498 2142 1558 Si
2171 1519 2297 1559 vero
2318 1502 2675 1579 praestantia
2704 1511 3005 1579 spectetur,
3032 1512 3174 1561 certe
3200 1503 3345 1562 hanc
3375 1504 3461 1562 cel
3487 1521 3562 1562 σω
3586 1524 3647 1564 eo
3672 1507 3862 1565 metiri
3891 1508 3965 1566 li-

732 1602 844 1661 cet,
878 1593 1026 1671 quod
1048 1595 1293 1673 perfecta
1324 1595 1549 1670 hujusce
1579 1595 1908 1673 disciplinae
1948 1594 2189 1669 coqnitio
2226 1612 2266 1653 a
2305 1596 2549 1672 quinque
2592 1595 2713 1653 illis
2754 1596 2933 1655 sacris
2969 1597 3216 1654 scientiis
3258 1596 3478 1672 sejunqi
3520 1608 3788 1675 nequeat,
3823 1619 3967 1676 quas

730 1704 829 1745 nos
874 1688 1143 1748 hodierna
1188 1688 1274 1746 die
1303 1690 1673 1746 communiore
1714 1689 1978 1747 vocabulo
2010 1686 2455 1758 Scholasticam,
2490 1687 2833 1767 Mysticam,
2881 1686 3304 1766 Doqmaticam,
3345 1688 3723 1759 Canonicam,
3757 1691 3965 1753 Mora-

737 1781 947 1858 lemque
974 1782 1321 1861 appellamus
1334 1803 1356 1849 ,·
1388 1782 1655 1860 quomodo
1684 1784 1834 1841 enim
1862 1784 1987 1859 quis
2018 1781 2214 1840 abdita
2242 1781 2307 1838 in
2334 1780 2742 1842 Ecclesia-elicis
2777 1781 3001 1841 Ritibus
3032 1784 3300 1861 mysteria
3331 1792 3434 1842 aut
3463 1786 3581 1842 sine
3612 1781 3964 1847 Scholastica

735 1876 947 1953 copioso
971 1886 1428 1952 argumentorum
1456 1887 1740 1954 apparatu
1769 1877 2128 1936 illustrabit?
2156 1884 2261 1936 aut
2305 1876 2423 1934 sine
2453 1873 2708 1954 Mystica
2736 1875 2813 1935 ad
2838 1877 3169 1936 sanctiorem
3199 1874 3307 1934 Dei
3349 1878 3566 1936 cultum
3593 1877 3834 1954 reseret?
3861 1890 3967 1941 aut

735 1971 853 2027 sine
877 1967 1209 2048 Doqmatica
1237 1971 1308 2031 ab
1334 1971 1572 2049 impuris
1601 1968 2029 2030 Haereticorum
2058 1969 2358 2030 calumniis
2388 1968 2672 2027 tuebitur?
2693 1978 2796 2028 aut
2822 1971 2939 2027 sine
2969 1965 3261 2027 Canonica
3289 1988 3327 2028 a
3358 1971 3528 2028 veteri
3558 1968 3804 2030 Patrum
3837 1982 3957 2032 tra·

738 2065 976 2134 ditione,
1009 2074 1061 2123 et
1094 2061 1459 2122 Summorum
1485 2061 1826 2144 Pontificum
1859 2065 2085 2124 decretis
2116 2068 2357 2142 repetet?
2381 2073 2482 2122 aut
2510 2064 2628 2121 sine
2660 2061 2886 2122 Morali
2911 2063 2992 2123 ad
3023 2064 3416 2141 sentpiternam
3448 2066 3775 2123 animarum
3803 2066 3962 2125 salu-

741 2169 845 2217 tem
873 2163 1184 2217 convertet?
1216 2155 1374 2231 Quid
1403 2158 1455 2217 si
1484 2158 1615 2216 haec
1646 2159 1862 2228 eadem,
1896 2177 2068 2237 quam
2097 2157 2571 2226 commendamus,
2605 2155 2850 2232 facultas
2893 2156 3136 2215 homines
3173 2160 3426 2235 requirat
3461 2176 3573 2215 non
3604 2167 3730 2218 tam
3747 2160 3811 2217 in
3840 2159 3961 2219 Ec·

734 2254 1043 2312 clesiastica
1077 2250 1372 2322 Historia,
1418 2271 1590 2328 quam
1634 2252 1697 2310 in
1724 2253 1970 2331 profana
2013 2251 2324 2311 eruditione
2365 2249 2878 2329 Philosophicisque
2920 2251 3123 2310 studiis
3161 2253 3598 2311 versatissimos?
3626 2252 3807 2331 Atqui
3843 2273 3961 2314 rem

735 2347 821 2405 ita
849 2366 903 2404 se
931 2346 1128 2406 habere
1157 2345 1294 2406 data
1334 2347 1482 2405 vobis
1523 2348 1937 2424 opportunitate
1979 2346 2177 2403 melius
2220 2345 2535 2404 innotescet.
2581 2342 2785 2403 Verum
2823 2344 2957 2403 haec
3000 2344 3227 2414 omnia,
3275 2346 3339 2402 in
3379 2346 3580 2420 quibus
3612 2347 3962 2425 triumphare

726 2449 904 2517 posset
931 2442 1145 2509 oratio,
1178 2459 1291 2498 non
1322 2442 1405 2499 ita
1436 2441 1646 2500 invitus
1675 2441 2091 2518 praetermitto,
2125 2458 2254 2497 cum
2297 2439 2451 2519 apud
2496 2457 2679 2498 omnes
2722 2446 2973 2498 constare
2995 2438 3224 2507 debeat,
3272 2458 3395 2498 eam
3424 2440 3715 2503 scientiam
3761 2441 3958 2500 multis

736 2532 996 2592 laudibus
1016 2533 1093 2592 ad
1116 2534 1208 2592 sui
1234 2534 1756 2593 commendationem
1780 2552 1893 2591 non
1918 2532 2199 2609 indiqere,
2228 2551 2372 2611 quae
2400 2533 2648 2609 reliquas
2678 2531 2792 2608 fere
2820 2550 3004 2591 omnes
3027 2533 3137 2591 sibi
3163 2532 3370 2599 socias,
3401 2541 3569 2611 atque
3593 2532 3962 2594 adosinnssstras

735 2628 1011 2706 efflaqitet.
1044 2625 1201 2686 Illud
1225 2637 1409 2686 tamen
1438 2628 1599 2686 nullo
1626 2626 1785 2686 modo
1808 2625 2278 2706 praetereundum
2306 2634 2414 2694 est,
2440 2625 2589 2703 quod
2617 2625 2762 2684 lianc
2791 2626 2974 2704 ipsam
2995 2622 3309 2685 Sacrorum
3333 2623 3576 2684 Rituum
3600 2624 3959 2705 disciplinam

733 2718 885 2778 Deus
912 2722 975 2779 in
1016 2719 1194 2779 Veteri
1222 2721 1444 2797 quidem
1475 2717 1616 2797 Leqe
1641 2739 1743 2799 per
1770 2739 1825 2778 se
1856 2721 2041 2797 ipsum
2068 2718 2518 2788 adumbraverit,
2550 2720 2617 2779 in
2648 2717 2814 2780 Nova
2852 2738 2978 2778 cero
3005 2738 3109 2798 per
3135 2716 3352 2778 Filium
3393 2737 3560 2777 suu-m
3594 2716 3958 2797 Uniqenitum

736 2834 763 2871 e
794 2812 959 2874 Coelo
985 2816 1049 2873 in
1080 2825 1257 2874 terras
1287 2815 1571 2892 delapsum
1601 2814 1677 2874 ad
1699 2813 2088 2893 perfectionem
2116 2812 2461 2879 adduxerit:
2492 2812 2649 2889 facta
2677 2812 2963 2873 Ecclesiae
2993 2810 3242 2892 Sponsae
3269 2831 3403 2872 suae
3426 2821 3725 2891 potestate,
3758 2822 3822 2871 ut
3852 2833 3955 2873 no·

730 2927 821 2967 vos
850 2910 1021 2967 etiam
1048 2910 1172 2986 ipsa
1200 2909 1347 2967 ritus
1376 2908 1659 2966 indu⁰eret
1682 2954 1696 2975 ,
1730 2927 1920 2985 eosque
1948 2926 2052 2985 pro
2088 2907 2333 2965 locorum
2362 2926 2430 2967 ac
2461 2917 2767 2986 temporum
2796 2907 3114 2968 diversitate
3144 2907 3414 2967 variaret.

852 2999 1012 3075 Quae
1041 3002 1177 3060 dum
1204 3021 1586 3069 commemoro,
1621 3002 1769 3059 venit
1798 3001 1942 3059 mihi
1969 3001 2033 3058 in
2062 3009 2298 3058 mentem
2325 3020 2439 3060 non
2466 3002 2585 3060 sine
2627 3002 2926 3060 vehementi
2949 3002 3178 3080 pietatis
3216 2998 3419 3080 affectu
3467 2998 3635 3060 horae
3665 3000 3857 3070 illius,
3892 3004 3956 3061 in
3999 3004 4003 3008 ’

731 3116 844 3175 qua
880 3093 1139 3154 Christus
1169 3092 1442 3153 Dominus
1472 3093 1673 3153 Divini
1701 3093 1989 3176 Sacrificii
2021 3093 2197 3171 (quod
2226 3094 2334 3152 erit
2367 3094 2465 3153 hoc
2501 3112 2652 3154 anno
2681 3090 2921 3154 Scholae
2950 3104 3169 3154 nestrae
3198 3096 3618 3173 arqumentum)
3648 3091 3950 3153 Institutor

730 3190 930 3259 simul,
966 3188 1236 3250 Sacerdos
1266 3209 1332 3249 ac
1370 3187 1610 3250 Victima
1637 3189 1754 3248 Deo
1783 3187 1957 3249 Patri
1985 3190 2225 3266 seipsum
2251 3207 2359 3268 pro
2390 3186 2657 3248 Humani
2693 3188 2906 3265 qeneris
2944 3189 3126 3247 salute
3153 3188 3388 3256 obtulit,
3419 3188 3679 3264 nobisque
3707 3188 3952 3266 imper&

730 3284 842 3352 vit,
876 3294 941 3341 ut
973 3302 1311 3360 quocumque
1343 3292 1577 3360 tempore
1609 3292 1832 3343 tantum
1862 3280 2227 3361 Sacrificium
2252 3283 2612 3360 peraqimus,
2643 3281 2795 3340 illud
2823 3282 2888 3339 in
2916 3282 3009 3340 sui
3036 3283 3360 3340 memoriam
3384 3281 3682 3358 faciteam·

849 3375 1008 3435 Haec
1036 3377 1149 3454 fere
1175 3386 1338 3446 sunt,
1370 3374 1669 3435 Auditores
1699 3376 1966 3445 studiosi,
2000 3394 2142 3453 quae
2162 3375 2293 3452 jam
2321 3385 2491 3435 antea
2519 3394 2614 3453 eqo
2642 3377 2708 3434 in
2734 3374 2962 3454 publica
2998 3372 3236 3434 Scholae
3264 3384 3486 3435 nostrae
3513 3375 3952 3450 inauquratione

729 3471 883 3548 apud
916 3469 1271 3548 Purpuratos
1318 3467 1517 3529 Patres
1534 3517 1549 3539 ,
1581 3468 1966 3548 Amplissimos
2016 3466 2310 3529 Praesules
2329 3514 2346 3537 ,
2391 3469 2729 3528 clarissimos
2760 3466 3167 3544 Reliqiosorum
3215 3462 3500 3526 Ordinum
3531 3465 3912 3526 Madet-atores
3930 3515 3947 3538 ‚

732 3563 945 3625 Sacrae
974 3564 1213 3624 Rituum
1246 3561 1702 3640 Conqreqationis
1736 3561 2091 3624 Consultores
2118 3562 2551 3641 sapientissimos
2570 3608 2586 3632 ,
2619 3559 3120 3638 circumfusamque
3148 3561 3626 3620 selectissimorum
3665 3560 3950 3620 hunniam

736 3661 959 3718 turbam
986 3659 1051 3717 de
1097 3677 1246 3717 more
1269 3657 1562 3738 praefatus
1592 3650 1767 3718 eramss
1803 3656 1917 3717 Sed
1942 3657 2229 3736 publicam
2270 3656 2438 3714 illam
2470 3654 2888 3732 Praefationem
2915 3656 3124 3713 iterum
3165 3655 3314 3714 nobis
3347 3656 3412 3713 in
3438 3663 3671 3713 mentem
3697 3673 3952 3715 remeare

733 3762 974 3830 oportet,
1010 3762 1130 3811 tum
1158 3752 1296 3829 quia
1324 3749 1482 3810 Aula
1523 3753 1836 3829 ceteroquin
1879 3750 2228 3829 amplissima
2259 3767 2349 3809 vos
2379 3768 2571 3828 capere
2600 3768 2713 3808 non
2731 3750 2918 3829 potuit
2941 3796 2954 3817 ,
2990 3760 3110 3808 tum
3136 3758 3202 3807 ut
3232 3748 3442 3825 majore
3469 3749 3789 3807 animorum
3817 3768 3949 3806 con-

733 3847 971 3905 tentione
998 3847 1062 3904 in
1091 3846 1222 3905 haec
1262 3845 1568 3904 rectissima
1606 3846 1797 3906 studia
1843 3844 2199 3904 incumbatis.
2237 3839 2468 3913 Cetera,
2502 3844 2578 3903 ad
2618 3863 2760 3922 quae
2791 3843 2982 3904 deinde
3015 3843 3362 3921 informandi
3398 3844 3588 3912 eritis,
3622 3843 3692 3903 ab
3731 3843 3828 3902 ltoc
3858 3863 3950 3902 so—

736 3942 859 4000 elsm
902 3939 1183 4000 Volumine
1208 3937 1493 4018 paulatim
1519 3939 1585 3998 in
1615 3939 1728 3998 dies
1755 3940 2054 4019 accipietis.
2103 3935 2307 3998 Valet«.
