4487 6316
952 527 1022 577 θ’]

770 667 967 733 clesiis
991 714 1009 743 ‚
1031 676 1405 746 cantaretur.
1441 670 1527 732 Ac
1554 690 1685 733 rem
1712 671 1795 733 ita
1821 690 1884 733 se
1912 672 2138 735 habere
2177 692 2322 753 pro-

770 765 877 826 hat
907 755 1193 827 *Martene
1218 764 1362 846 ipsis
1405 764 1622 826 Leonis
1667 766 1777 827 111.
1812 767 2014 828 verbis
2044 767 2106 827 in
2138 766 2323 828 colla-

766 858 932 921 tione
961 879 1145 939 quam
1176 868 1360 939 supra
1383 859 1700 921 citavimus
1726 881 1741 919 z
1773 860 1939 935 Quod
1967 881 2094 929 vero
2118 863 2324 921 asseri-

770 955 842 1028 tis
867 1000 884 1024 ,
932 952 1053 1012 ideo
1101 956 1321 1014 casita
1366 965 1597 1016 cantare
1643 953 2007 1033 Symbolum,
2056 958 2325 1035 quoniam

768 1049 913 1110 alios
954 1049 1018 1107 in
1045 1050 1181 1120 istis
1206 1050 1485 1128 partibus·
1502 1051 1650 1109 vobis
1676 1052 1892 1129 priores
1926 1052 2167 1111 audistis
2187 1072 2326 1112 can-

766 1154 910 1222 tasse
932 1191 949 1215 ,
980 1145 1123 1226 quid
1142 1145 1218 1203 ad
1234 1150 1379 1217 nos?
1401 1144 1521 1206 Nos
1545 1146 1694 1205 enim
1709 1147 1771 1215 id
1791 1148 1973 1225 ipsum
1989 1167 2101 1205 non
2124 1157 2325 1207 canta-

649 1265 656 1277 ’
766 1258 933 1325 viius!
962 1237 1324 1317 sedvleqimus
1350 1237 1366 1309 ',
1415 1250 1467 1299 et
1500 1241 1722 1318 leyendo
1743 1241 1929 1303 docere
1952 1288 1967 1311 ,
2016 1262 2112 1301 nec
2142 1252 2326 1302 tamen

429 1838 519 1893 Qui
537 1835 645 1879 ritu·
661 1835 722 1878 sit

431 1894 542 1953 opud
579 1896 724 1960 Uma-

431 2008 550 2051 tandi
596 1964 724 2067 Srss:

431 2064 590 2109 boton.

768 1333 1014 1411 leyendo,
1041 1336 1143 1392 aut
1165 1333 1402 1401 docendo
1424 1335 1626 1394 addere
1643 1337 1937 1415 quippiam
1959 1337 2134 1395 eidem
2156 1334 2204 1394 S
2209 1357 2327 1415 ynv

764 1419 887 1486 bolo
910 1420 1197 1506 inserendo
1214 1431 1647 1507 praesumimus,·
1672 1448 1854 1509 quam
1877 1429 2325 1509 responsionem

763 1520 1146 1600 amplectitur
1175 1521 1358 1583 etiam
1381 1519 1647 1584 Meratus
1667 1512 1809 1584 tom.
1842 1529 1896 1599 1.
1932 1544 2061 1604 par.
2095 1529 2149 1585 1.
2182 1544 2320 1605 pag.

763 1618 903 1676 216.
931 1609 1013 1676 Et
1041 1623 1182 1677 ante
1204 1636 1342 1677 eum
1375 1616 1701 1679 Grancolas
1724 1618 1798 1679 de
1825 1618 2092 1699 antiquis
2117 1618 2324 1695 Litur-

763 1709 881 1791 giis
902 1717 1045 1771 tom.
1087 1716 1140 1770 1.
1175 1711 1318 1771 edit.
1354 1711 1542 1773 PariS.
1576 1732 1737 1773 anno
1772 1717 1943 1774 1704.
1970 1734 2104 1795 pag.
2143 1709 2279 1774 537.

798 1812 800 1814 ’
861 1808 980 1863 41.
1019 1803 1102 1864 [η
1123 1804 1303 1874 Missa
1326 1805 1701 1866 Mozarabica
1723 1796 1944 1887 legitur
1966 1805 2324 1889 Symbolum

765 1890 1491 1978 Constantinopolitanum
1518 1920 1535 1973 ;
1601 1899 1940 1983 quinimmo
1993 1900 2230 1962 canitur
2286 1920 2324 1962 a

767 1990 1082 2066 Sacerdote
1110 1992 1170 2054 et
1200 1991 1484 2054 universo
1514 1993 1687 2055 Clero
1717 2002 1777 2056 et
1818 1994 2048 2075 Populo
2075 2041 2092 2068 ‚
2126 2015 2324 2074 neque

766 2086 827 2147 id
855 2095 988 2168 post
1014 2087 1409 2169 Evangelium
1436 2134 1452 2159 ‚
1485 2089 1586 2149 seul
1613 2096 1746 2168 post
1787 2088 2091 2151 Canonem
2116 2111 2133 2163 ;
2169 2090 2322 2151 inte-

765 2201 870 2243 rea
896 2201 1038 2243 vero
1067 2181 1354 2250 Sacerdos
1394 2182 1669 2243 Hostiam
1709 2192 2113 2245 consecratam
2141 2204 2323 2265 super

766 2275 1026 2338 Calicem
1053 2285 1256 2350 tenet,
1290 2276 1461 2357 quasi
1483 2275 1763 2364 declaret,
1785 2271 1990 2339 eadem
2024 2277 2164 2351 fide,
2200 2298 2324 2359 qua

769 2370 1253 2458 Unitatem-Dei.‚
1278 2371 1634 2451 Trinitatem
1663 2373 2061 2434 Personarum
2084 2418 2101 2445 ‚
2133 2381 2192 2434 et
2221 2373 2323 2434 ln·

764 2458 1175 2527 carnationen'i
1201 2461 1430 2538 Verbi,
1473 2465 1930 2527 etiam-realem
1965 2488 2090 2529 sese
2121 2468 2323 2529 crede-

763 2577 832 2619 re
863 2558 926 2618 in
958 2559 1335 2620 Eucharistia
1355 2547 1753 2639 praesentiam
1781 2560 2060 2641 Corporis
2087 2569 2147 2622 et
2171 2562 2324 2622 San-

762 2652 965 2733 guinis
1000 2654 1141 2713 Jesu
1162 2653 1405 2715 Christi.
1437 2654 1588 2715 Vide
1630 2655 1944 2716 Mabillon.
1973 2655 2082 2716 lib.
2134 2660 2188 2716 1.
2221 2657 2323 2717 Li-

763 2746 998 2827 turgiae
1035 2747 1380 2809 Gallicanae
1406 2767 1535 2829 cap.
1578 2754 1630 2810 1.
1682 2769 1848 2810 1111111.
1897 2755 1972 2812 2.,
2002 2761 2063 2812 et
2091 2770 2220 2831 cap.
2260 2756 2318 2811 2.

764 2858 937 2900 num.
978 2846 1031 2900 1.
1065 2843 1153 2903 De
1170 2841 1286 2902 hoc
1308 2841 1696 2903 Mozarahum
1735 2843 1877 2904 Ritu
1903 2843 2117 2917 scribit
2140 2844 2324 2906 etiam

766 2933 1022 2997 Bellotte
1049 2935 1112 2995 in
1136 2936 1679 3011 ⁸observationibus
1707 2937 1783 2998 ad
1815 2937 1989 3013 Ritus
2027 2938 2324 3010 Ecclesiae

765 3026 1182 3102 Laudunensis
1208 3050 1343 3111 pag.
1377 3033 1513 3091 438.
1541 3018 1618 3090 n.
1658 3036 1751 3090 15.
1777 3032 1882 3092 ubi
1906 3032 1992 3093 ait
2021 3053 2035 3091 ε
2081 3032 2190 3092 Est
2213 3053 2323 3093 au-

767 3130 878 3180 tem
907 3123 1053 3207 locus
1076 3123 1167 3199 liic
1193 3125 1492 3184 admodum
1523 3126 1791 3205 proprius
1816 3126 1891 3185 ad
1915 3124 2108 3185 Fidem
2151 3126 2325 3209 profi-

771 3217 995 3302 tendam
1037 3238 1165 3278 cum
1185 3219 1511 3280 adoratione
1536 3221 1656 3279 ceri
1679 3218 1943 3300 Corporis
1964 3219 2198 3280 Domini
2224 3242 2327 3284 no-

768 3312 899 3371 stri.
1502 3342 1505 3343 ⁷

895 3409 988 3465 12.
1017 3407 1091 3467 D.
1119 3405 1378 3470 Thomas
1400 3413 1457 3469 3.
1476 3425 1606 3489 par.
1634 3407 1864 3489 quaest.
1881 3413 1980 3470 83.
2003 3417 2118 3470 art.
2138 3413 2204 3470 lt.
2225 3409 2327 3471 do-

772 3507 863 3560 cet
882 3497 898 3572 2
920 3520 1029 3561 cur
1063 3501 1127 3562 in
1150 3502 1330 3564 Missa
1351 3502 1586 3584 legatur
1610 3503 1972 3585 Symbolum
1989 3549 2005 3577 ‚
2032 3513 2092 3565 et
2109 3515 2327 3584 quam—

583 3583 628 3667 0⁸
649 3601 662 3624 ’
692 3586 713 3611 ‘
772 3594 981 3654 obrem
1031 3594 1095 3655 in
1140 3596 1503 3676 quibusdam
1535 3598 1732 3659 Missis
1771 3598 2004 3660 dicatur
2027 3645 2044 3672 ‚
2095 3599 2158 3658 in
2187 3598 2326 3678 qui-

607 3697 722 3782 u‘a‘J
768 3687 1021 3749 busdam
1038 3710 1186 3772 yero
1213 3691 1524 3753 omittatur
1554 3713 1568 3753 ε
1601 3693 1847 3771 Perse-cte
1872 3704 2060 3754 autem
2086 3695 2328 3772 populus

768 3784 1079 3843 instruitur
1094 3805 1198 3864 per
1220 3787 1534 3846 doctrinam
1548 3784 1766 3847 Christi
1786 3789 1849 3845 in
1866 3787 1919 3846 E
1921 3789 2173 3866 ranqelio
2194 3808 2327 3847 con-

773 3885 982 3936 tentam
1008 3925 1024 3948 ‚
1060 3899 1202 3956 quae
1223 3900 1260 3939 a
1283 3883 1511 3939 summis
1533 3881 1611 3941 M
1611 3884 1824 3942 [nis-tris
1849 3883 2052 3959 leqitur
2080 3929 2095 3952 ,
2119 3884 2326 3943 scilicet

772 3989 810 4030 a
831 3969 1193 4030 Diaconibti-s.
1221 3973 1303 4032 Et
1327 3976 1465 4051 quia
1495 3973 1721 4034 Christo
1742 3976 2015 4034 credimus
2037 3987 2328 4053 tamquam

772 4063 996 4141 divinae
1026 4068 1250 4125 ceritati
1278 4113 1292 4136 ,
1315 4069 1615 4127 secundum
1636 4069 1784 4126 illud
1806 4067 2016 4129 Joann.
2045 4075 2102 4129 8.
2138 4069 2212 4129 Si
2234 4090 2326 4129 ve-

770 4156 999 4218 ritatem
1020 4159 1142 4218 dico
1163 4161 1312 4219 vobis
1339 4208 1355 4230 ‚
1393 4182 1567 4239 quare
1591 4183 1703 4221 non
1727 4164 1949 4223 creditis
1973 4164 2115 4222 mihi
2139 4170 2166 4221 ?
2193 4166 2326 4223 lecto

766 4241 1084 4332 Emelio
1107 4300 1125 4323 ,
1153 4252 1487 4333 Symbolum
1508 4267 1775 4315 coactatur
1797 4304 1812 4327 ,
1860 4259 1922 4314 in
1945 4276 2054 4334 quo
2082 4257 2325 4335 populus

767 4338 1006 4410 memte
1027 4392 1045 4418 ,
1069 4367 1239 4427 seper
1259 4347 1453 4409 Fidem
1479 4348 1698 4410 Christi
1720 4351 2003 4410 doctrinae
2036 4352 2320 4410 assentiri.

775 4433 1062 4500 Cantatur
1081 4452 1271 4501 autem
1293 4445 1390 4503 hoc
1417 4443 1751 4525 Symbolum
1774 4446 1836 4503 in
1858 4442 2032 4503 Festis
2061 4491 2076 4514 ,
2105 4446 2169 4504 de
2192 4448 2324 4523 qui-

771 4530 869 4589 bus
890 4533 958 4612 fit
987 4534 1189 4616 aliqua
1222 4539 1424 4596 vicentio
1457 4540 1520 4596 in
1543 4537 1591 4597 S
1595 4539 1809 4616 ymbolo
1838 4583 1854 4606 ,
1889 4539 2033 4596 sicut
2063 4539 2125 4596 in
2154 4537 2327 4597 Festis

776 4619 997 4708 Christi
1017 4626 1138 4702 ,st.
1178 4628 1421 4708 Virqinis
1451 4678 1466 4701 ,
1503 4642 1554 4691 et
1574 4630 1968 4709 Apostolorum
1995 4677 2012 4701 ,
2054 4633 2154 4710 qui
2180 4633 2326 4693 hanc

770 4698 967 4779 Fidem
1009 4710 1387 4799 fiondaverunt
1416 4773 1433 4797 ‚
1478 4736 1531 4786 ct
1571 4727 1705 4787 aliis
1733 4725 2070 4802 hujusmodi.
2103 4725 2327 4786 Secun-

774 4808 921 4871 dum
942 4810 1100 4874 hanc
1119 4815 1190 4875 D.
1207 4817 1470 4880 Thomae
1489 4818 1823 4880 doctrinam
1836 4818 2102 4892 Quartus
2125 4819 2187 4879 in
2202 4820 2327 4881 Ru-

773 4903 958 4990 bricis
979 4907 1053 4967 ad
1078 4909 1317 4971 Missale
1340 4914 1677 4974 Romanum
1700 4932 1828 4993 par.
1862 4918 1915 4973 1.
1944 4912 2034 4974 tit.
2064 4917 2156 4973 11.
2182 4912 2328 4974 Mis-

773 5018 871 5061 sas
897 5013 1249 5079 enumerat,
1292 5005 1356 5065 in
1388 5007 1610 5087 quibus
1650 5007 1870 5069 dicitur
1915 5005 2094 5068 Credo
2120 5055 2137 5079 ‚
2171 5026 2329 5088 quae

775 5104 1160 5158 recensentur
1183 5098 1364 5160 etiam
1389 5099 1452 5160 in
1474 5100 1616 5181 ipsis
1641 5099 1917 5162 Rubricis
1940 5101 2029 5162 tit.
2058 5101 2133 5163 de
2151 5101 2328 5183 Sym-

777 5188 950 5266 bolo;
975 5199 1035 5253 et
1052 5192 1424 5255 Titelmanus
1452 5196 1732 5257 Tractatu
1761 5195 1835 5256 de
1854 5195 2157 5278 Mysteriis
2182 5196 2328 5263 Mis-

775 5301 879 5357 sae
902 5304 1031 5368 cap.
1067 5291 1163 5348 31.
1193 5287 1354 5348 idem
1393 5288 1563 5350 docet
1587 5309 1657 5351 ac
1690 5290 1762 5350 D.
1790 5289 2049 5350 Thomas
2090 5291 2165 5351 de
2189 5289 2330 5351 Ritu

778 5379 1482 5574 maxa?
1497 5380 2332 5557 sati-zeum?

1751 529 1838 581 DE
1875 528 2360 590 sacnosANCTo
2394 529 2612 581 MISSAE
2650 528 3029 585 sAcmftcto

2428 674 2640 733 cerdote
2655 721 2670 743 ,
2696 675 3032 751 caeterisque
3057 673 3136 736 ad
3154 672 3320 755 finem
3340 692 3515 753 mque
3530 678 3986 754 prosequentibus

2432 766 2448 847 (
2471 766 2545 826 de
2571 766 2768 827 Missis
2788 767 3039 829 cantatis
3062 767 3350 849 loquitur)
3378 770 3609 829 canitur
3629 768 3790 830 Fidei
3811 770 3986 850 Sym-

2431 860 2617 920 bolum
2645 906 2659 929 ,
2686 861 2937 938 [ructum
2961 908 2977 931 ‚
3006 863 3109 939 qui
3128 881 3202 922 ex
3228 859 3447 921 Christi
3471 909 3486 932 ,
3520 874 3571 923 et
3593 864 3988 943 Apostolorum

2424 954 2841 1032 praedicatione
2864 964 2939 1013 est
2972 956 3037 1013 in
3066 954 3324 1015 Ecclesia
3363 969 3729 1035 consequutus
3754 1004 3770 1027 ‚
3796 959 3985 1018 mani-

2431 1049 2615 1126 festat.
2671 1047 2803 1108 Vere
2822 1051 2972 1109 enim
2995 1050 3126 1110 haec
3146 1060 3342 1112 sancta
3383 1049 3491 1110 Dei
3512 1053 3773 1130 confessio
3801 1074 3987 1131 ‚quae

2432 1145 2496 1201 in
2515 1141 2781 1222 symbolo
2795 1146 2954 1222 plene
2976 1146 3292 1227 continetur
3316 1192 3330 1214 ,
3366 1146 3583 1223 [ructus
3606 1158 3682 1206 est
3708 1149 3992 1207 labiorum

2433 1249 2749 1295 nostrorum.
2773 1259 2866 1311 con
2872 1239 3152 1316 sitentium
3173 1240 3389 1296 nomini
3411 1240 3550 1316 ejus,
3576 1251 3626 1299 et
3650 1241 3832 1308 hostia
3857 1241 3987 1301 lau-

2434 1319 2519 1390 dis
2545 1332 2720 1389 multo
2738 1334 3117 1411 acceptissima
3141 1331 3253 1390 Deo
3280 1335 3340 1390 in
3362 1334 3579 1392 odorem
3601 1337 3923 1398 suavitatis.

2555 1430 2647 1484 13.
2678 1425 2859 1499 Quod*
2877 1425 3090 1487 attinet
3110 1426 3185 1487 ad
3205 1426 3467 1488 actiones
3495 1427 3830 1491 Sacerdotis
3848 1448 3989 1492 cum

2431 1517 2577 1579 dicit
2600 1518 2779 1579 Credo
2804 1568 2819 1591 ,
2846 1520 3153 1594 ‘Rubricae
3185 1520 3333 1583 haec
3356 1522 3795 1601 praescribunt:
3814 1524 3990 1586 ,Dicto

2431 1613 2749 1692 Evangelio
2782 1627 2937 1675 stans
2971 1617 3035 1674 in
3060 1617 3237 1675 medio
3274 1615 3497 1676 Altaris
3523 1638 3708 1684 versus
3747 1616 3990 1681 Crucem

2432 1708 2646 1768 elevans
2671 1719 2722 1767 et
2746 1710 3266 1783 extendens-ortanus
3295 1757 3310 1780 ,
3341 1712 3535 1789 incipit
3570 1713 3661 1785 (si
3692 1712 3989 1778 dicendum

2428 1803 2539 1876 sit)
2584 1801 2794 1862 Cred0.
2825 1801 2972 1862 Cum
3012 1803 3182 1873 dicit,
3212 1802 3490 1885 infunum
3535 1806 3764 1879 Deum,
3788 1806 3985 1885 jungit

2429 1914 2630 1955 manus
2658 1944 2672 1965 ‚
2698 1907 2747 1954 et
2770 1908 2938 1975 caput
2966 1894 3142 1957 Cruci
3163 1899 3401 1958 inclinat
3419 1920 3443 1965 ς
3467 1918 3577 1980 quo
3596 1911 3769 1959 erecto
3788 1947 3804 1970 ‚
3829 1910 3987 1970 stans

2428 1989 2629 2048 ibidem
2644 1990 2861 2067 junctis
2882 2002 3013 2051 ante
3036 2001 3220 2069 pectus
3240 1994 3496 2052 manibus
3514 2040 3530 2062 ,
3557 2004 3621 2052 ut
3640 1996 3824 2073 prius,
3846 2014 3985 2074 pro-5

2428 2084 2684 2160 sequitur
2708 2104 2880 2162 usque
2908 2086 2982 2144 ad
3005 2085 3190 2165 finem.
3222 2083 3366 2145 Cum
3391 2087 3551 2156 dicit,
3578 2072 3786 2170 Jesuni
3804 2087 3981 2149 Chri-

2428 2186 2609 2251 stum,
2633 2191 2802 2258 caput
2827 2178 3003 2239 Cruci
3026 2182 3287 2241 inclinat.
3321 2178 3466 2241 Cum
3488 2182 3657 2251 dicit,
3688 2183 3765 2242 Et
3787 2182 3985 2247 incar-

2429 2281 2606 2333 natus
2632 2280 2741 2345 est,
2770 2294 2941 2351 usque
2963 2275 3037 2334 ad
3065 2275 3142 2335 Et
3162 2274 3343 2335 homo
3372 2274 3560 2336 factus
3580 2283 3667 2336 est
3691 2278 3983 2347 inclusit-e,

2428 2370 2766 2447 qetiuslectit.
2818 2365 2967 2427 Cum
3007 2370 3148 2427 dicit
3174 2416 3189 2438 ,
3238 2368 3416 2442 simul
3460 2369 3748 2441 adoratur
3770 2415 3787 2442 ‚
3818 2381 3988 2450 eaput

2434 2459 2611 2521 Cruci
2637 2460 2897 2532 inclinat.
2939 2460 3085 2522 Cum
3104 2464 3264 2533 dicit,
3291 2463 3368 2523 Et
3391 2462 3576 2544 vitam
3598 2460 3835 2534 uenturi
3859 2486 3987 2526 sac-
4030 2526 4052 2551 c

2431 2554 2549 2616 culi
2580 2601 2596 2629 ‚
2638 2558 2900 2636 producit
2923 2559 3032 2617 sibi
3056 2578 3227 2617 manu
3259 2558 3492 2618 dextera
3534 2561 3757 2636 siqnum
3785 2558 3985 2620 Crucis

2431 2670 2468 2709 a
2489 2650 2669 2728 fronte
2686 2651 2763 2725 ¹ad
2782 2643 2989 2730 pectus.
3022 2650 3278 2712 Rufinus
3304 2651 3369 2711 in
3415 2653 3787 2732 expositione
3810 2654 3985 2736 Sym-

4029 1442 4145 1501 Quid
4192 1456 4327 1501 pu·-

4031 1502 4175 1544 ser-tm
4227 1503 4329 1541 nu-

4031 1560 4142 1601 brica
4160 1565 4201 1600 io
4212 1560 4330 1599 reci-

4030 1618 4153 1660 tando
4193 1617 4329 1675 Sym-

4030 1675 4143 1721 [20¹0-

2431 2744 2553 2805 boli
2584 2753 2852 2816 testatur,
2880 2745 3269 2818 ChristianOS,
3293 2766 3433 2811 cum
3450 2747 3617 2809 adea
3638 2749 3825 2811 verba
3850 2768 3987 2828 per-
4048 2767 4051 2769 ’

2429 2839 2731 2900 venissent
2756 2884 2772 2911 ,
2810 2837 3019 2901 Carnis
3040 2843 3520 2913 resurrectionem,
3551 2862 3613 2903 sc
3636 2842 3806 2923 signo
3834 2843 3986 2904 Cru-

2429 2934 2513 2995 cis
2533 2934 2771 3016 siguare
2800 2932 3196 3008 consuevissc3
3222 2944 3283 2996 et
3307 2935 3616 2998 Gavantus
3639 2936 3888 3018 signum
3911 2936 3988 2997 il-

2431 3027 2537 3088 lud
2559 3029 2765 3090 Crucis
2786 3029 2872 3090 ait
2894 3029 3232 3116 traductum
3251 3029 3328 3091 ad
3347 3051 3418 3092 ea
3436 3032 3622 3093 verba
3649 3077 3665 3104 ,
3709 3032 3790 3091 Et
3815 3033 3988 3097 vitam

2430 3126 2655 3184 venturi
2672 3117 2885 3185 saeculi
2898 3173 2914 3196 ,
2960 3132 3030 3186 ut
3053 3124 3231 3187 totius
3268 3125 3446 3210 Fidei.
3459 3119 3747 3207 professio
3787 3127 3989 3216 *sigillo

2433 3218 2639 3280 Crucis
2681 3220 3126 3300 quodammodo
3167 3220 3989 3302 obsignietur.EtBalud1·ius
4084 3303 4089 3307 Δ

2434 3333 2563 3393 par.
2597 3320 2652 3374 3.
2678 3335 2807 3395 cap.
2855 3319 2917 3375 3.
2940 3335 3001 3374 11.
3038 3320 3094 3374 3.
3124 3325 3325 3390 monet
3361 3316 3738 3377 Sacerdotem
3766 3362 3784 3389 ,
3828 3315 3989 3383 lente

2434 3417 2503 3469 ut
2524 3408 2629 3470 itta
2649 3409 2916 3489 proferat
2933 3410 3119 3470 verba
3143 3455 3162 3483 ,
3186 3421 3237 3469 et
3281 3413 3452 3470 vitam
3479 3413 3703 3493 centuri
3730 3404 3948 3472 saeculi>
3965 3459 3984 3483 ,

2433 3510 2502 3563 ut
2521 3503 2780 3583 spatium
2808 3502 3091 3583 temporis
3110 3511 3385 3582 suppetat
3404 3503 3574 3593 signo
3595 3503 3802 3565 Crucis
3836 3525 3986 3585 pro-

2433 3595 2742 3670 ducendo;
2790 3597 3052 3660 frontem
3076 3596 3238 3657 enim
3262 3607 3322 3657 et
3343 3605 3545 3677 pectus
3567 3598 3852 3660 Sacerdos
3872 3597 3989 3661 sibi

2432 3688 2609 3750 debet
2634 3699 2874 3770 tangere
2894 3709 3031 3750 cum
3051 3688 3197 3752 dicit
3216 3689 3299 3749 Et
3322 3680 3519 3760 vitam,
3536 3689 3848 3771 dexterum
3871 3691 3989 3753 hu-

2433 3802 2668 3843 morum
2687 3792 2825 3844 cum
2844 3783 2991 3844 dicit
3013 3785 3257 3854 venturi,
3275 3794 3337 3843 et
3356 3782 3669 3864 sinistrum
3688 3779 3827 3847 cum
3848 3787 3995 3849 dicit

2430 3878 2680 3937 saeculi.-

2557 3975 2646 4031 1-74.
2678 3970 2814 4034 Alia
2834 3971 3015 4033 etiam
3037 3971 3251 4033 adduci
3274 3979 3470 4053 posset
3488 3969 3666 4049 ratio}
3679 3977 3989 4057 quamoh-

2434 4084 2560 4125 rem
2575 4068 2750 4146 juxta
2773 4066 2834 4126 id
2855 4066 3019 4146 quod
3048 4067 3256 4127 scribit
3281 4067 3536 4129 Rufinus
3557 4115 3591 4142 ,,
3620 4079 3848 4145 veteres
3888 4073 3936 4133 F
3940 4073 3993 4139 i-

2432 4158 2593 4220 deles
2615 4158 2819 4220 Crucis
2836 4159 2951 4221 sibi
2975 4160 3213 4242 siguum
3239 4161 3302 4224 in
3326 4161 3522 4224 fronte
3545 4163 3828 4239 facerent,
3849 4188 3990 4249 ,cum

2432 4252 2712 4316 dicebant
2750 4257 2939 4314 carnis
2960 4259 3431 4330 resurrectionem.
3469 4259 3620 4321 Nam
3646 4259 3709 4320 in
3729 4261 3987 4342 Symbo-

2431 4346 2493 4408 lo
2526 4348 2601 4409 de
2619 4367 2741 4428 quo
2762 4347 3034 4428 loquitur
3056 4349 3311 4412 Rufinus
3327 4398 3343 4424 ‚
3370 4353 3652 4439 quodque
3676 4354 3739 4414 iu
3765 4358 3986 4419 Roma-

2433 4463 2512 4505 na
2555 4443 2919 4504 recitabatur
2965 4444 3227 4526 Ecclesia
3250 4491 3265 4519 ‚
3311 4446 3483 4508 nulla
3520 4449 3985 4512 continebantur

2433 4537 2621 4599 verba
2640 4537 2715 4598 de
2748 4537 2872 4599 vita
2898 4546 3161 4612 aeterna,
3188 4540 3289 4600 sed
3318 4541 3672 4623 Symbolum
3700 4542 3761 4603 in
3786 4564 3858 4606 ea
3880 4544 3984 4606 de-

2434 4630 2706 4705 sinebat,
2739 4636 2927 4694 carnis
2969 4634 3443 4696 Resurrectionem
3468 4684 3485 4709 ‚
3522 4638 3729 4698 eodem
3770 4637 3991 4702 Rufino

2436 4731 2580 4786 teste
2606 4747 2621 4786 ε
2646 4726 2760 4787 Sed
2783 4730 3015 4789 ultimus
3038 4730 3139 4789 iste
3161 4750 3336 4789 sermo
3351 4777 3368 4801 ‚
3393 4734 3495 4809 qui
3515 4725 3993 4796 Resurrectionem

2428 4823 2833 4899 praenuntiat,
2855 4841 3133 4883 summam
3154 4824 3320 4881 totius
3339 4825 3691 4902 perfectionis
3708 4828 3993 4893 succincta

2438 4915 2702 4976 brevitate
2726 4917 3028 4976 concludit.
3057 4914 3357 4978 Consonat
3383 4918 3792 5002 Hieronymus
3816 4921 3989 5002 epist.

2438 5013 2534 5068 61.
2563 5009 2634 5069 In
2673 5008 2940 5090 symbolo
2984 5008 3147 5070 Fidei
3184 5022 3234 5095 et
3281 5011 3417 5092 Spei
3440 5026 3660 5076 nostrae
3700 5018 3885 5096 (quod
3920 5018 3994 5079 ab

2433 5101 2713 5183 Apostolis
2741 5105 3016 5164 traditum
3033 5124 3146 5164 non
3160 5108 3432 5178 =scribitur
3454 5111 3517 5168 in
3534 5111 3732 5172 charta
3755 5122 3804 5171 et
3827 5122 3991 5173 atra·

2435 5205 2637 5265 mento,
2650 5198 2741 5257 sed
2764 5199 2826 5257 iu
2847 5198 3055 5257 tabulis
3077 5199 3258 5274 cordis
3277 5203 3622 5279 carnalibus)
3635 5214 3759 5284 post
3781 5191 3991 5282 confes,-

2435 5292 2640 5350 sionem
2660 5291 2977 5359 Trinitatis,
2995 5303 3039 5349 et
3059 5295 3330 5355 unitatem
3339 5296 3645 5368 Ecclesiae,
3659 5319 3814 5358 omne
3828 5296 3996 5362 cliri-

2436 5385 2612 5461 sh'am‘
2646 5386 2915 5462 tloqmott's
2949 5397 3357 5461 sacramentum
3377 5392 3565 5455 camis
3598 5394 3995 5453 resurrectione

2437 5479 2814 5559 concluditur.
2862 5479 3272 5573 Quamobrem
3299 5503 3475 5552 nemo
3498 5483 3726 5547 inferre
3756 5476 3949 5567 potest
3963 5483 3989 5560 ’,’

4030 4005 4125 4051 Alio
4143 4011 4253 4055 ratio
4268 4025 4326 4058 οι

4031 4065 4200 4113 Rufino.
