4487 6316
3368 522 3556 578 xxvu

652 669 739 730 Ea
766 673 1010 748 propter
1052 666 1219 726 Motu
1239 663 1528 745 proprio,
1558 682 1679 724 non
1698 661 1776 735 ad
1797 663 1846 722 'l
1848 660 1955 733 ui,
1985 659 2113 722 sive
2139 658 2400 720 alterius
2416 678 2527 738 pro
2558 661 2640 720 Te
2671 659 2854 725 Nobis
2878 681 3057 741 super
3087 665 3199 726 hoc
3238 668 3477 735 oblatae
3501 669 3739 749 petitio-

529 763 629 824 nis
657 760 1045 833 instantiam,
1076 758 1180 839 sed
1199 777 1275 821 ex
1314 765 1474 819 certa
1503 755 1793 829 scientia,
1827 762 2185 834 maturaque
2205 751 2679 828 deliberatione,
2709 764 2769 815 et
2809 775 2974 818 mera
2995 740 3356 823 liberalitate
3394 770 3637 839 nostra,
3670 785 3739 828 ac

534 856 610 917 de
629 872 943 935 supremae
962 861 1203 914 nostrae
1235 850 1606 932 Apostolicae
1628 848 1931 930 potestatis
1958 836 2390 937 plenitudine,
2389 867 2621 909 necnon
2641 799 2802 910 ducti
2820 850 3104 932 exemplo
3131 848 3256 916 tam
3276 855 3535 925 aliorum
3567 859 3741 923 Prae-

535 951 910 1012 decessorum
930 955 1316 1021 nostrorum,
1344 946 1450 1027 qui
1482 944 1648 1006 Viris
1678 943 2059 1025 Principibus
2076 922 2417 1005 Catholicae
2443 942 2660 1015 Fidei,
2697 950 2757 1004 et
2796 944 3167 1023 Apostolicae
3185 948 3354 1011 Sedis
3378 952 3739 1014 studiosissi-

536 1044 651 1106 mis
689 1042 891 1105 titulos
908 1049 969 1119 et
984 1048 1342 1103 ornamenta
1370 1038 1570 1121 largiti
1591 1046 1773 1110 sunt
1801 1056 1985 1118 quam
2023 1034 2398 1117 potissimum
2425 1035 2486 1098 S.
2523 1036 2613 1097 Pii
2649 1038 2721 1097 V.
2748 1037 2956 1100 itidem
2997 1041 3472 1107 Praedecaesoris
3500 1049 3735 1124 nostri,

533 1137 642 1218 qui
683 1138 759 1200 cl.
795 1154 973 1198 mem.
1001 1135 1353 1198 Sebastiano
1391 1133 1832 1214 Portugalliae,
1865 1139 1925 1194 et
1963 1129 2391 1212 Algarbiorum
2429 1131 2574 1212 Regi
2605 1133 2905 1194 Decessori
2936 1135 3078 1195 ιιιο
3060 1139 3367 1200 immensis
3387 1139 3735 1218 laboribus,

530 1240 715 1312 atquc
735 1230 952 1311 opibus
970 1250 1080 1310 pro
1102 1229 1441 1295 Catholicae
1463 1227 1630 1303 fidei
1659 1225 2086 1308 propagatione
2104 1224 2411 1291 exhaustis
2429 1226 2846 1288 honorabilem
2871 1218 3136 1311 aliquem
3168 1234 3412 1297 titulum
3433 1245 3749 1319 tamquam

542 1344 746 1388 rerum
767 1322 1073 1404 praeclare
1092 1332 1393 1403 gestarum
1405 1322 1614 1402 jugem
1635 1320 1891 1380 indicem
1913 1315 2206 1381 conferre
2212 1321 2458 1400 optabat
2488 1316 2640 1401 (etsi
2663 1323 2788 1382 Rex
2821 1320 2925 1384 ille
2942 1324 3412 1404 sapientissimus
3432 1331 3545 1399 hac
3564 1333 3741 1394 dum-

532 1424 779 1499 taxatse
799 1415 1287 1479 obedientissimi
1326 1415 1495 1477 Sedis
1522 1414 1894 1495 Apostolicae
1912 1406 2024 1475 filii
2054 1412 2542 1477 denominatione
2580 1415 2828 1522 gloriari
2867 1419 3300 1503 respondisset)
3332 1425 3456 1498 Te,
3488 1433 3743 1509 tuosque

530 1511 935 1594 Portugalliac
963 1519 1022 1571 et
1062 1492 1490 1593 Algarbiorum
1533 1510 1722 1589 Reges
1750 1527 1861 1587 pro
1887 1514 2154 1586 tempore
2184 1508 2609 1572 Succeoeores
2589 1529 2654 1569 ιιι
2677 1520 3033 1590 perpetuum
3066 1523 3373 1596 tamquam
3400 1518 3743 1585 Catholicae

532 1604 702 1667 Fidei
726 1614 1172 1687 propagatores,
1218 1602 1414 1677 titulo,
1441 1622 1548 1665 seu
1577 1601 2063 1671 denominatione
2088 1600 2142 1661 F
2138 1603 2431 1663 adelwmm
2453 1600 2794 1684 Apostolica
2834 1606 3200 1670 Auctoritate
3227 1619 3433 1675 tenore
3460 1634 3741 1694 praesen

534 1699 684 1765 tium
714 1719 1042 1772 ornamus,
1070 1707 1129 1760 et
1156 1690 1554 1778 insignimus,
1586 1704 1767 1778 atque
1788 1695 1967 1759 etiam
1989 1695 2068 1757 ab
2089 1695 2374 1767 omnibus
2410 1700 2631 1801 Regem
2660 1698 3074 1769 fidelissimum
3097 1705 3444 1789 nominari,
3475 1711 3743 1791 appella-

532 1792 632 1865 ri,
663 1792 955 1863 inscribi,
1000 1791 1160 1864 «lici,
1193 1791 1451 1865 haberi,
1482 1789 1757 1862 censeri,
1783 1810 1853 1851 ac
1876 1787 2114 1871 tractari
2137 1790 2356 1854 debere
2375 1792 2693 1867 volumus,
2727 1794 3171 1876 praecipimus,
3200 1811 3261 1861 et
3281 1803 3670 1867 mandamus.

656 1889 1049 1949 Decernentes
1074 1887 1311 1948 easdem
1332 1891 1670 1993 praesentes
1690 1884 1918 1947 litteras
1935 1880 2025 1945 de
2029 1885 2434 1967 subreptionis
2453 1887 2632 1961 vitio,
2665 1896 2772 1950 aut
2801 1889 3150 1953 intentionis
3172 1902 3438 1972 nostrae,
3461 1918 3566 1961 seu
3595 1919 3746 1981 quo-

530 2001 788 2065 cumque
829 1981 950 2044 alio
990 1981 1224 2043 defectu
1260 2000 1344 2042 ex
1356 1979 1570 2061 quavis
1609 1974 2656 2087 etiamffluantumlibetjustissima,
2683 1991 2741 2044 et
2747 1983 3230 2075 urgentissima,
3273 1984 3744 2075 rationabilique

531 2096 708 2137 causa
738 2066 908 2137 nullo
949 2095 1217 2156 unquam
1233 2082 1505 2156 tempore
1533 2095 1570 2138 a
1597 2094 1905 2156 quoquam
1927 2073 2169 2147 notari,
2200 2074 2345 2136 vel
2328 2095 2348 2135 1
2454 2064 2670 2158 ug'nari
2692 2092 2904 2156 posse,
2933 2078 3192 2145 sediillas
3222 2083 3491 2160 validas,
3535 2089 3742 2150 eteffi-

531 2189 695 2231 vaces
721 2178 1009 2250 perpetuo
1031 2169 1201 2243 sore,
1233 2176 1295 2231 et
1315 2189 1484 2242 esse,
1515 2188 1773 2249 suosque
1795 2168 2139 2250 plenarios,
2172 2162 2376 2231 total
2467 2160 2517 2232 t
2540 2169 2936 2274 omnmedos
2925 2158 3186 2236 *effectus
3206 2178 3406 2238 sortiri
3430 2200 3637 2261 posse,
3671 2204 3745 2246 ac

530 2261 795 2324 debere'
779 2285 839 2325 ιιι
858 2263 1192 2337 omnibus,
1222 2273 1282 2326 et
1309 2282 1416 2344 per
1444 2262 1691 2336 omnia,
1723 2282 1794 2325 ac
1833 2263 1884 2324 si
1909 2240 2451 2339 Consistorialiter,
2477 2270 2542 2326 et
2580 2265 2655 2326 de
2674 2264 3132 2328 venerabilium
3172 2270 3452 2333 Fratrum
3494 2276 3738 2340 Nostro-

534 2378 669 2419 rum
700 2360 759 2419 S.
800 2358 871 2419 R.
882 2358 979 2429 Ε.
1014 2357 1427 2420 Cardinalium
1456 2356 1705 2419 consilio
1733 2357 1962 2430 sactae,
1994 2364 2054 2418 et
2081 2355 2147 2417 in
2162 2310 2729 2547 &guastum
2726 2366 2929 2420 nostro
2967 2354 3205 2459 Secreto
3232 2363 3418 2427 lectae
3447 2368 3739 2433 fuissent·

532 2451 748 2530 Sicque
786 2470 892 2531 per
922 2454 1331 2533 quoscumque
1368 2450 1609 2513 ludices
1646 2449 1829 2513 etiam
1870 2450 2178 2531 Imperiali
2408 2470 2444 2517 λ
2515 2451 2774 2526 Ducali,
2806 2453 2903 2514 vel
2943 2454 3158 2534 quavis
3175 2457 3306 2520 λΙίλ
3345 2450 3739 2540 excellentia,

531 2565 601 2606 ac
642 2545 933 2627 dignitate
962 2545 1304 2627 praeditos,
1354 2552 1416 2606 et
1445 2545 1596 2606 alios
1622 2543 2073 2631 Commissarios
2109 2545 2383 2626 qualibet
2421 2530 2776 2610 auctoritate
2807 2547 3169 2631 fungentoe,
3199 2553 3381 2615 etiam
3407 2554 3743 2623 Causarum

531 2640 697 2702 Sacri
740 2640 954 2731 Palatii
1001 2635 1190 2702 nostri
1212 2640 1578 2714 Auditores,
1592 2648 1669 2717 et
1703 2618 1764 2700 S.
1814 2639 1884 2700 R.
1929 2640 2000 2701 Ε.
2048 2637 2440 2714 cardinales,
2482 2639 2721 2704 sublata
2757 2634 2886 2716 eis,
2921 2649 3215 2715 eteorum
3254 2647 3503 2713 cuilibet
3528 2656 3746 2733 quavis

532 2734 708 2798 aliter
746 2726 1111 2817 judicandi,
1156 2733 1599 2813 sententiandi,
1642 2733 2017 2820 definiendi,
2052 2741 2113 2796 et
2149 2731 2613 2821 interpretandi
2607 2732 2948 2842 factsttate,
2980 2743 3041 2798 et
3075 2740 3466 2818 auctoritate,
3503 2744 3741 2826 J'udica-

533 2828 630 2904 ri,
673 2829 959 2904 definiri,
1012 2839 1074 2892 et
1112 2829 1494 2910 interpretari
1533 2812 1754 2891 debere
1790 2849 1861 2891 ac
1897 2825 2197 2909 quidquid
2234 2844 2403 2890 secus
2439 2847 2619 2917 super
2657 2828 2757 2891 his
2793 2849 2831 2892 a
2869 2848 3177 2912 quoquam
3222 2837 3438 2915 quavis
3475 2842 3739 2904 auctori-

534 2929 696 2996 tate,
740 2924 1038 2999 scienter,
1080 2924 1174 2985 vel
1214 2923 1562 3005 ignoranter
1607 2921 1924 3006 contigerit
1958 2912 2283 3003 attentari,
2325 2921 2612 3005 irritum,
2654 2932 2716 2986 et
2755 2923 2936 2986 inane
2972 2924 3387 3013 decernimus,
3431 2953 3501 3022 ac
3542 2936 3738 3003 decla-

534 3035 758 3078 ramus.
786 3017 919 3079 Νοιι
959 3016 1337 3078 obstantibus
1372 3014 1688 3102 quibusvis
1725 3010 2305 3097 Constitutionibus,
2346 3024 2406 3079 et
2433 3016 2933 3097 ordinationibus
2970 3020 3364 3101 Apostolicis,
3401 3047 3472 3090 ac
3502 3028 3736 3113 Regno-

534 3131 715 3185 rum,
745 3110 1246 3186 Provinciamm,
1289 3109 1658 3184 Civitatum,
1702 3116 1763 3172 et
1782 3106 2098 3174 ·Locoru'm
2126 3096 2548 3192 quorumlibet
2578 3110 2855 3187 statutis,
2894 3118 2956 3174 et
2990 3117 3522 3184 consuetudinibus
3556 3124 3737 3188 etiam

524 3197 914 3302 juramento,
956 3203 1411 3268 confirmatione
1440 3201 1816 3284 Apostolica,
1867 3200 1963 3264 vel
2001 3206 2216 3283 quavis
2255 3205 2541 3268 firmitate
2567 3205 2690 3268 alia
2729 3203 3070 3283 roboratis,
3108 3211 3441 3295 privilegiis
3469 3235 3734 3300 quoquo,
3759 3237 3762 3240 ¹

532 3290 824 3374 indultis,
874 3307 935 3362 et
972 3299 1188 3362 litteris
1234 3291 1587 3381 Apostolicis
1636 3298 1750 3359 snb
1798 3289 2281 3386 quibuscumque
2328 3299 2678 3376 teneribuS,
2727 3310 2789 3364 et
2826 3301 3081 3376 formis,
3128 3323 3200 3366 ac
3234 3327 3371 3368 cum
3421 3310 3741 3390 quibusvis

529 3395 729 3469 etiam
754 3389 1268 3478 derogatori'arum
1290 3391 1723 3475 derogatoriis,
1765 3401 1823 3454 et
1844 3398 2402 3476 quantumcumque
2438 3394 2857 3456 efficacissimis
2875 3393 3199 3472 clausulis,
3322 3401 3574 3465 decretis
3591 3424 3739 3486 quo-

533 3488 864 3568 modolibet
901 3488 1233 3562 concessis,
1273 3485 1685 3562 confirmatis,
1726 3495 1786 3547 et
1825 3486 2148 3548 innovatis·
2191 3488 2430 3562 Quibus
2457 3487 2786 3574 omnibus,
2827 3487 3058 3550 etiamsi
3098 3479 3200 3551 de
3212 3511 3232 3551 ι
3286 3492 3376 3567 is,
3404 3511 3738 3580 eorumque

532 3584 671 3648 totis
709 3582 1018 3646 tenoribus
1053 3582 1370 3690 specialis,
1416 3581 1794 3662 specificata,
1833 3599 2156 3662 expressa,
2196 3590 2257 3644 et
2298 3581 2654 3655 individua;
2703 3602 2773 3644 ac
2820 3582 2896 3643 de
2934 3584 3121 3645 verbo
3156 3586 3235 3647 ad
3271 3588 3526 3651 verbum
3568 3610 3736 3654 men-

530 3677 658 3752 tio,
707 3696 814 3739 seu
853 3676 1103 3758 quaevis
1140 3676 1262 3739 alia
1300 3673 1601 3756 expressio
1639 3673 1961 3746 habenda,
2014 3682 2122 3735 aut
2159 3659 2366 3756 aliqua
2391 3674 2692 3754 exquisita
2729 3674 2925 3737 forma
2969 3676 3048 3737 ad
3080 3675 3194 3738 hoc
3220 3681 3515 3788 servanda
3540 3684 3733 3766 foret,

526 3791 740 3834 eorum
767 3770 1041 3833 omnium
1071 3780 1305 3833 tenores
1334 3769 1747 3850 praesentibus
1785 3788 1895 3849 pro
1926 3767 2288 3829 sufficienter
2328 3767 2622 3848 expressis
2659 3767 2992 3843 hahentes,
3043 3768 3165 3831 illis
3202 3771 3407 3834 alias
3389 3794 3453 3836 ιιι
3490 3795 3601 3839 suo
3641 3798 3738 3841 ro-

529 3866 675 3956 bore
721 3866 1170 3952 permansuris,
1211 3865 1326 3929 hac
1365 3864 1496 3928 vice
1523 3864 1839 3956 dumtaxat
1865 3861 2245 3946 specialiter,
2276 3869 2337 3923 et
2360 3881 2638 3942 expresse
2667 3861 3070 3945 derogamus,
3091 3866 3462 3949 caeterisque
3483 3880 3734 3937 contra-

530 3953 639 4023 riis
704 3960 1021 4023 uibuscum
1107 3979 1161 4021 e.

645 3980 1426 4128 gaetem1u‚ga¹rissimein
1469 4049 1719 4114 Christo
1726 4049 1858 4111 Fili
1887 4056 2118 4122 noster,
2150 4051 2279 4111 Rex
2304 4048 2679 4132 Fidelissim,
2716 4069 2897 4133 perge
2926 4059 3158 4114 certare
3181 4053 3408 4117 bonum
3433 4065 3730 4122 certamen

525 4146 731 4224 Fidei,
757 4156 828 4211 ut
852 4147 1013 4221 vitae
1039 4156 1316 4210 aeternae
1344 4145 1611 4227 praemia
1654 4145 1733 4207 ab
1759 4146 2019 4206 Auctore
2043 4126 2213 4204 Fidei
2256 4148 2522 4216 nostrae,
2558 4149 2618 4203 et
2649 4137 3139 4207 Consummatore
3161 4146 3299 4210 Jesu
3330 4149 3565 4212 Christo
3588 4171 3734 4214 con·

521 4241 831 4332 aequaris3
885 4243 1031 4330 dum
1078 4242 1198 4303 Nos
1237 4239 1536 4322 Majestati
1578 4239 1742 4344 Tuae
1795 4237 2196 4319 Apostolicam
2243 4234 2727 4324 Benedictionem
2775 4231 3055 4300 Caelestis
3101 4240 3381 4319 praesidii
3430 4246 3731 4338 auspicem

1158 4333 1393 4396 timur.

1140 4427 1302 4516 apud
1327 4427 1388 4488 S.
1421 4424 1675 4488 Mariam
1706 4423 1995 4506 llaJ’orem
2020 4422 2135 4520 suh
2174 4422 2403 4524 annulo
2429 4423 2745 4490 Piscatoris
2779 4425 2877 4488 die
2902 4428 3732 4548 23.Dec.1748.Pontifica-

1128 4537 1230 4583 ΠΟ.
2644 4559 2648 4568 ·
3441 4553 3478 4576 αι
3599 4579 3607 4588 .

3411 4575 3452 4596 t

2804 4593 3114 4707 Gajetanus
3141 4617 3404 4679 Ancaeus.

1098 4855 1247 4981 {atis
1270 4907 1555 4979 perspecta
1585 4907 1660 4956 est
1692 4906 1742 4957 et
1774 4903 2093 4978 nostrorum
2119 4894 2332 4974 Requm
2374 4915 2505 4986 erqq
2533 4893 2910 4976 Apostolicam
2940 4894 3139 4968 Sedem
3161 4900 3374 4977 pietas,
3407 4910 3472 4961 ct
3500 4899 3733 4964 Lusita-

520 5015 628 5057 nus
651 4995 827 5072 yemis
853 4994 917 5052 in
948 5012 1072 5051 suos
1100 4990 1268 5070 Reqes
1303 5010 1493 5062 amor,
1527 4991 1693 5070 facile
1728 4990 2028 5068 conjectari
2056 4989 2178 5049 licet
2209 5011 2319 5070 quo
2342 4992 2583 5070 quintio,
2617 5001 2666 5050 ec
2693 4992 3039 5051 veneracione
3068 5011 3161 5052 eae
3187 4990 3518 5073 Pontificius
3551 4995 3750 5058 Lim-⁸

519 5109 620 5149 rao
662 5081 1181 5166 eoeceptae'suerim.
1214 5083 1353 5146 Jam
1396 5085 1633 5145 alterius
1660 5085 1808 5165 quod
1847 5077 1925 5145 ex*
1948 5082 2131 5165 Bulla
2164 5082 2630 5145 Canonizalionis
2657 5083 2727 5144 S.
2763 5084 3057 5145 Elisabeth
3080 5088 3543 5165 pronaiseramus,
3578 5095 3731 5151 testi-

518 5184 695 5242 monii
720 5181 884 5262 fidem
912 5180 1278 5241 absolvimus.-
1306 5181 1371 5239 in
1394 5198 1461 5240 ea
1488 5199 1726 5260 namque
1755 5178 1939 5240 Bulla
1962 5187 2085 5259 post
2112 5178 2409 5262 exordium
2439 5180 2522 5238 ita
2550 5176 2820 5237 Summus
2849 5175 3122 5254 Pontifex
3147 5177 3370 5259 effatur.

635 5365 907 5428 Gaudeat
933 5364 997 5426 in
1024 5342 1314 5439 Domino,
1344 5372 1404 5426 et
1422 5332 1492 5426 in
1522 5366 1695 5428 donis
1720 5365 1949 5449 gratiae
1977 5383 2121 5436 suae
2156 5367 2448 5452 glorietur
2474 5364 2620 5427 felix
2648 5362 2992 5430 Lusitaniae
3020 5364 3328 5446 Regnum;
3357 5367 3460 5428 sed
3486 5366 3734 5433 laudent

515 5460 624 5525 alii
659 5459 820 5523 Coeli
850 5458 1014 5520 illius
1042 5458 1419 5540 temperiem,
1438 5479 1728 5554 wamaenas
1753 5461 1897 5544 Tagi
1928 5458 2121 5540 ripas,
2152 5462 2394 5526 divitias
2426 5478 2499 5524 ex
2554 5468 2673 5523 toto
2722 5458 2869 5520 orbe
2897 5457 3152 5520 navibus
3176 5477 3248 5519 eo
3283 5458 3480 5522 illatas
3505 5471 3564 5524 et
3591 5482 3734 5550 conf
