4487 6316
1650 496 1978 554 M-‘i’ENDIX
2011 499 2118 552 XX.
2158 497 2243 550 ΑΙ)
2284 495 2408 552 Lm.
2451 498 2539 551 tu.

477 654 724 715 Rituum
755 649 1306 734 congregationem·
1318 646 1581 712 delatum
1607 645 1752 718 fuit,
1785 643 2021 724 aliquos

478 735 793 821 Parochos,
823 755 882 808 et
913 745 1211 827 Ordinum
1258 741 1729 805 Mendicantium
1776 737 2016 806 Praefe-

472 852 594 904 ctos
631 841 691 902 in
728 840 1085 903 celebrando
1128 839 1342 904 Missae
1381 835 1685 920 Sacrificio
1725 833 2017 896 adhibere

473 931 1316 1015 instrumentumargedteum
1345 950 1484 993 cum
1526 928 1775 991 candela
1800 973 1817 1000 ,
1851 927 2015 1007 quod

471 1031 874 1112 vulgo‘Buqia
907 1036 1310 1109 nuncupatur.
1345 1025 1754 1100 Quamobrem
1779 1022 1878 1084 die
1910 1026 2007 1085 22.

470 1125 720 1206 Augusti
750 1124 932 1205 hujus
959 1122 1103 1184 anni
1139 1125 1311 1184 17:3¹4.
1354 1120 1462 1182 has
1493 1117 1747 1179 Litteras
1788 1116 1866 1177 ad
1893 1115 2013 1176 Nos

469 1219 670 1290 dedit„
687 1237 839 1297 quas
866 1216 1128 1297 integras
1157 1213 1508 1296 subjicimus
1532 1257 1548 1284 ,
1573 1208 2011 1282 observandas-

3384 494 3490 548 860

2128 637 2263 704 nem
2286 644 2364 705 ab
2383 642 2674 723 Episcopo
2690 648 3068 723 acceperunt,
3088 647 3148 701 et
3167 635 3505 718 insignibus
3522 636 3672 696 Pon·

2125 737 2450 799 tificalibus
2476 745 2732 798 utuntur
2761 783 2778 811 ,
2827 737 2973 798 dum
3001 734 3258 816 primam
3286 734 3616 793 'sensuram
3646 775 3664 802 ,

2122 832 2504 912 minoresque
2533 831 2790 893 Ordines
2815 829 3214 912 Regularibus
3245 826 3359 887 sibi
3387 824 3668 905 subjectis

2119 926 2435 1002 conferunt
2459 972 2476 1000 ,
2506 946 2633 987 rem
2662 925 2928 988 divinam
2956 922 3208 1005 privatis
3234 967 3249 994 ,
3281 920 3454 1003 sicuti
3482 915 3661 981 ceteri

2061 979 2069 1066 l
2120 1019 2485 1092 Sacerdotes,
2524 1020 2719 1082 facere
2749 1028 3026 1081 tenentur
3045 1020 3221 1098 juxta
3251 1017 3497 1077 Decreta
3525 1012 3663 1090 Ale÷

2116 1113 2334 1182 xandri
2366 1114 2416 1173 V
2422 1115 2530 1187 11.,
2560 1132 2717 1194 quae
2745 1133 2884 1173 mox
2910 1113 3251 1181 afferemuS,
3284 1106 3386 1170 ubi
3415 1106 3490 1168 de
3518 1105 3663 1167 Mis-

2057 1168 2067 1311 }
2114 1225 2216 1268 sae
2240 1207 2545 1268 Sacrificio
2573 1227 2668 1268 res
2695 1215 2803 1278 est,
2836 1206 2897 1267 in
2929 1225 3050 1286 quo
3080 1201 3452 1267 pontificalia
3480 1221 3659 1263 orna-

467 1331 587 1391 que
618 1311 992 1382 mandamus,
1019 1327 1114 1380 ne,
1143 1306 1280 1372 licet
1309 1305 1507 1378 inviti,
1532 1298 1610 1367 ad
1632 1302 2010 1365 severitatem
2057 1313 2064 1382 g
2116 1310 2317 1362 menta
2338 1321 2461 1362 non
2484 1301 2871 1374 adhibentur,
2895 1300 3264 1381 si,=inquam,
3290 1319 3411 1380 qua
3431 1298 3662 1361 ratione

467 1404 530 1465 in
558 1404 974 1484 delinquentes
1001 1400 1444 1482 pertrahamur.

581 1592 951 1676 Eminentia.
983 1638 1000 1661 ,
1031 1611 1098 1652 ac
1125 1589 1521 1670 Bet-cremiis&
1539 1582 2007 1648 Domim‘obaer-

658 1685 905 1747 candias.

494 1945 498 1952 ⁶
531 1902 538 1906 ·
580 1873 727 1935 Cum
754 1873 1065 1934 Sacrorum
1092 1873 1331 1936 Biduum
1361 1864 1797 1949 Conqreqationi
1838 1870 2005 1928 inno-

461 1968 633 2033 tuerit
670 1970 963 2047 quemdam
989 1970 1052 2027 in
1082 1970 1190 2027 ista
1220 1965 1268 2027 C
1272 1969 1464 2026 ivitate
1500 1964 1786 2030 Bononiae
1813 1966 2003 2042 irrep-

454 2068 585 2146 sisse
608 2067 865 2133 abusum,
890 2064 1036 2142 quod
1056 2073 1175 2121 tum
1205 2061 1708 2142 Parochi'ejusdem
1735 2069 1855 2140 tum
1883 2055 2003 2117 Su-

451 2147 699 2238 periores
727 2154 1012 2218 Ordinum
1040 2156 1497 2218 Mendicautium
1526 2155 1692 2214 nulla
1729 2153 2003 2231 diynitate

456 2253 852 2337 Ecclesiastico
879 2243 1458 2328 insiqriiti„nu‘lloque
1475 2249 1632 2327 justo
1671 2248 1837 2307 titulo
1863 2247 2003 2325 [ulti

453 2349 518 2406 in
543 2347 905 2406 celebratione
919 2344 1140 2413 ·Missae
1166 2345 1277 2402 sice
1303 2343 1584 2410 solemnis,
1608 2343 1719 2400 sive
1740 2342 2001 2421 privatae

452 2441 822 2499 instrumento
854 2448 1114 2516 arqenteo
1143 2458 1272 2497 cum
1302 2437 1536 2509 candela
1565 2482 1582 2506 ,
1624 2436 1770 2514 quod
1805 2433 2000 2516 Bugia

452 2536 804 2603 nominatur,
825 2533 1048 2591 'noviter
1074 2533 1164 2591 uti
1185 2549 1622 2610 praesumpsere,
1647 2519 1998 2590 Eminemis-

450 2629 604 2697 simi,
635 2637 686 2687 et
713 2627 1177 2695 Reverendissimi
1205 2624 1405 2685 Patres
1435 2625 1609 2684 eidem
1639 2617 1706 2682 S.
1751 2621 1998 2701 Conqre-

447 2722 667 2798 gatiani
679 2717 1372 2799 praeposititEmiuentiae
1399 2716 1621 2776 Vestrae
1648 2716 1999 2780 scribendum

451 2833 559 2873 esse
585 2797 875 2874 auderunt
904 2822 1015 2885 „ut
1046 2814 1171 2890 ipsa
1199 2813 1435 2871 abusum
1456 2810 1807 2890 praedictum
1835 2811 1955 2872 zelo
1978 2856 1995 2880 ,

450 2927 561 2985 quo
573 2899 780 2986 pollet,
792 2906 1221 2976 Ecclesiasticae
1242 2893 1573 2985 disciplinae
1590 2924 1629 2966 a
1652 2902 1700 2965 C
1701 2907 1895 2965 ivitate
1911 2907 1999 2967 ‘ita

446 3001 673 3060 omnino
695 2986 905 3071 tollere,
931 3010 983 3060 et
1006 3018 1254 3060 amovere
1275 3009 1451 3070 curet,
1477 2997 1863 3077 Parachosque
1884 3017 1998 3057 om-

446 3115 541 3154 ues
559 3142 574 3165 ,
597 3104 656 3154 et
688 3091 974 3154 Ordinum
1001 3093 1459 3155 Mendicantium
1489 3080 1819 3173 Superiores
1842 3140 1858 3165 ,
1889 3094 1995 3154 ad-

448 3189 638 3249 hibitis
669 3189 740 3247 iis
768 3180 934 3248 Iuris
976 3189 1231 3247 remediis
1259 3232 1275 3259 ,
1321 3206 1464 3265 quae
1501 3188 1835 3267 prudentiae
1861 3207 1995 3249 suae

445 3294 760 3363 opportuna
778 3330 792 3352 ,
822 3283 908 3343 vel
936 3284 1107 3342 etiam
1132 3283 1444 3342 necessaria
1470 3270 1807 3341 videbuntur
1831 3328 1849 3352 ‚
1885 3301 1994 3343 au-

444 3379 703 3439 ctoritate
734 3379 910 3457 ipsius
942 3375 1012 3437 S.
1051 3375 1509 3454 Conqreqationis
1550 3385 1769 3436 moneat
1795 3423 1811 3447 ,
1841 3395 1994 3436 coer-

443 3482 562 3533 eeat
591 3519 606 3542 ,
640 3482 690 3532 et
721 3473 797 3533 ad
844 3473 1102 3549 terminos
1131 3489 1256 3563 supe
1288 3470 1543 3545 reducere
1571 3489 1687 3529 uon
1724 3471 1949 3531 mittat
1975 3517 1990 3542 ,

448 3575 497 3624 et
531 3566 604 3626 E.
647 3565 711 3626 V.
751 3586 951 3627 manus
982 3566 1298 3624 humillime
1331 3565 1644 3624 exosculor.

651 3660 856 3724 Romae
882 3665 979 3721 28.
1010 3658 1258 3739 Auqusti
1289 3662 1461 3719 1734.

465 3844 544 3907 Ε.
588 3846 652 3906 V.
672 3802 1096 3918 ,Humillimum
1127 3857 1294 3926 atque
1321 3847 1736 3910 addictissimus
1763 3845 1972 3909 Servus

579 3941 653 4002 A.
686 3939 753 4002 F.
789 3939 1130 4003 cardinalis
1143 3933 1480 4004 Zondadari
1495 3942 1865 4021 *Pro-Praese
1897 3950 1902 3957 '
1977 3941 1982 3953 '

557 4127 764 4283 NCM.
799 4127 1071 4282 'ngeschi
1100 4127 1277 4202 Arcti.
1315 4127 1538 4210 Apum.
1578 4127 1724 4191 Sacc
1748 4129 1988 4192 Rituum

686 4242 844 4302 any..
898 4241 975 4283 ec.
1563 4248 1570 4254 ·

554 4410 836 4473 Delatum
861 4409 1037 4471 nobis
1061 4419 1150 4472 est
1180 4419 1318 4492 post
1335 4410 1446 4473 has
1474 4410 1729 4472 Litteras
1756 4411 1821 4471 in
1848 4430 1978 4473 eam
2027 4423 2037 4477 Ι

435 4505 790 4574 sententiam
809 4504 1023 4585 ⁴plures
1046 4504 1330 4567 adductos
1358 4524 1504 4577 esse,
1534 4514 1593 4566 et
1628 4505 1979 4568 protonota-

437 4599 547 4659 riis
558 4596 927 4679 Apostolicis
947 4643 968 4671 ,1
992 4598 1101 4677 qui
1133 4597 1195 4659 in
1227 4597 1444 4660 litteris
1468 4598 1631 4660 haud
1659 4598 1979 4661 neminan-

437 4700 557 4765 tur,
584 4693 671 4755 uti
694 4684 872 4755 liceat
889 4691 1095 4754 eodem
1121 4693 1528 4753 Instrumento
1546 4713 1685 4753 cum
1703 4692 1972 4767 candela,

433 4786 578 4848 dum
605 4777 854 4864 Sacrum
880 4774 951 4848 in*
972 4785 1149 4848 altari
1176 4785 1522 4849 conficiunt.
1551 4787 1755 4861 Quare
1773 4788 1836 4849 id
1861 4789 1974 4849 mi·-

431 4877 594 4940 nime
622 4879 765 4960 ipsis
791 4879 971 4941 licere
996 4879 1389 4953 declaramus,
1418 4900 1556 4941 cum
1580 4881 1738 4943 inter
1766 4882 1972 4944 Parte-

431 4972 725 5054 cipantes,
759 4983 828 5036 ut
855 4984 1069 5039 vocant
1100 4994 1221 5037 non
1251 4973 1674 5037 adscribantur
1698 5021 1715 5048 ,
1747 4976 1851 5037 sed
1876 4995 1973 5037 so-

429 5064 557 5127 lum
571 5066 732 5134 inter
759 5067 1135 5142 honorarios,
1159 5069 1263 5150 qui
1286 5087 1452 5130 more
1475 5069 1850 5149 reliquorum
1871 5066 1975 5132 Sa-

428 5161 733 5223 cer-dotum
765 5162 979 5223 Missae
1008 5154 1379 5224 Sacrificium
1410 5183 1695 5246 peragere
1725 5164 1963 5226 debent.

427 5255 506 5316 Et
530 5273 696 5388 sape,
724 5254 775 5316 si
803 5256 1065 5318 Abbates
1094 5255 1439 5338 Regulares,
1469 5258 1577 5339 qui
1606 5257 1970 5347 benedictio-

607 5461 693 5530 (1)
719 5460 1046 5514 Mona-cettan
1074 5468 1203 5522 tom.
1232 5462 1283 5513 4.
1313 5461 1408 5517 fol.
1436 5462 1507 5514 10
1543 5479 1699 5515 num.
1728 5464 1817 5516 80.

2118 1396 2518 1458 Protomtarii
2542 1378 2862 1476 Apostcl'ici
2879 1395 3126 1457 honoris
3142 1414 3324 1472 causa
3342 1393 3656 1476 designati,

2113 1488 2218 1570 qui
2249 1499 2452 1568 carent
2477 1489 2767 1571 ejusmodi
2802 1488 3308 1570 privilegiis,·nec
3340 1487 3566 1550 habeut
3595 1487 3656 1548 in

2113 1582 2329 1644 Missae
2369 1582 2771 1645 celebratione
2812 1600 2989 1654 usum
3028 1582 3480 1644 -Pontilicalium
3508 1628 3525 1655 ,
3564 1582 3660 1643 in-

2112 1686 2513 1746 strumentum
2549 1685 2901 1759 argenteum
2928 1697 3085 1738 cum
3134 1677 3380 1738 candela
3422 1675 3537 1737 sibi
3583 1676 3660 1738 ad

2112 1771 2318 1834 Altare
2371 1771 2692 1833 convenire
2729 1770 3110 1853 judicabunt,
3141 1771 3302 1850 quod
3329 1769 3612 1832 Parochis
3637 1815 3654 1842 ,

2108 1867 2477 1946 caeterisque
2523 1865 2943 1947 Sacerdotibus
2983 1865 3447 1939 interdicitur?
3488 1867 3662 1926 Acce-

2109 1959 2400 2020 ditetiam
2435 1960 2595 2039 quod
2631 1959 2759 2022 Sac.
2799 1958 3190 2039 Congregatio
3222 1957 3472 2026 Rituum
3494 1951 3661 2030 ‘baec

2110 2053 2321 2116 statuit
2370 2053 2486 2134 (1-):
2523 2053 2710 2118 Sacra
2765 2053 3002 2125 Rituum
3051 2050 3421 2131 Conqreqatio
3473 2055 3660 2116 decla-

2107 2150 2260 2220 ravit
2286 2197 2303 2219 ,
2355 2169 2466 2209 non
2518 2150 2677 2208 licere
2719 2147 3131 2208 Illustrissimis
3189 2147 3448 2209 Dominis
3470 2149 3661 2228 ,Κομ-

2029 2248 2040 2260 ’
2105 2243 2390 2303 rmdariis
2416 2246 2712 2320 utriusque
2756 2230 3107 2321 Siqnaturae
3141 2241 3506 2310 Sam-:tissimi
3537 2242 3657 2303 Do-

2105 2331 2252 2398 mini
2275 2337 2479 2399 Nostri
2507 2333 2700 2417 Papae
2724 2384 2741 2407 ,
2770 2356 2839 2397 ac
2877 2336 3294 2398 Protonotariis
3320 2336 3657 2417 Apostolicis

2105 2433 2425 2493 honorariis
2452 2432 2697 2493 Missam
2724 2432 3126 2493 celebrantibus
3154 2433 3218 2492 in
3262 2430 3606 2493 Civitatibus
3635 2480 3650 2503 ,

2103 2546 2349 2605 quarum
2376 2528 2640 2603 reyimini
2667 2525 3114 2605 praeficiuntur,
3147 2527 3238 2585 uti
3263 2525 3523 2599 fluibus,
3553 2529 3655 2604 qui

2097 2621 2325 2699 proprii
2352 2619 2413 2678 E
2416 2620 2945 2678 minentissimorum
2974 2617 3024 2678 C
3024 2619 3411 2688 ardimlium,¹
3429 2629 3479 2678 et
3504 2618 3563 2678 E
3561 2620 3653 2702 pi-

2101 2734 2391 2794 scoporum
2418 2714 2701 2781 videntur,-
2747 2713 2841 2772 sed
2884 2714 3056 2773 iidem
3082 2711 3203 2773 rem
3226 2723 3446 2774 sacram
3471 2714 3654 2792 facere

2106 2818 2365 2868 tenentur
2409 2829 2557 2867 more
2587 2818 2933 2868 caeterorum
2958 2805 3350 2879 Sacerdotem,
3376 2817 3563 2887 prout·
3591 2810 3656 2868 iu

2098 2904 2343 2983 privatis
2362 2901 2560 2963 Missis
2575 2903 2988 2981 praescriptum
3008 2901 3441 2979 suitAbbatibus
3465 2903 3530 2960 in
3543 2900 3652 2961 De-

2099 3008 2248 3056 creto
2266 2999 2416 3059 circa
2438 3016 2604 3056 usum
2620 2991 3045 3076 Pontificalium
3065 2994 3352 3056 Praelatis
3373 2994 3654 3076 Episcopo

2102 3090 2467 3169 inferioribus
2490 3109 2866 3151 concessorum
2895 3097 3151 3158 emanata
3187 3090 3259 3149 ab
3285 3089 3472 3150 eadem
3497 3087 3547 3149 C
3546 3108 3649 3148 οη-

2093 3188 2413 3270 qreqatioae
2439 3187 2634 3247 habita
2653 3204 2844 3245 coram
2865 3184 2961 3262 fel.
2978 3183 3490 3245 mem.Alexandro
3516 3183 3644 3243 VII.

2099 3280 2189 3340 die
2229 3284 2328 3341 20.
2362 3279 2702 3361 Septembris
2734 3283 2935 3350 1659„
2959 3288 3011 3339 ct
3043 3281 3130 3340 ita
3151 3282 3368 3340 servari
3407 3279 3649 3341 manda-

2102 3375 2178 3433 vit
2197 3362 2271 3434 ab
2286 3374 2689 3459 'Illustrissimo
2712 3364 3097 3434 Gubernatore
3118 3372 3389 3441 'Civitatis
3413 3371 3652 3436 cesena·

2099 3468 2268 3539 dice.
2305 3467 2606 3547 Februarii
2635 3460 2807 3528 1675.
2841 3469 2933 3528 An
2967 3466 3151 3549 igitur
3179 3466 3269 3529 fas
3294 3466 3412 3547 erit
3435 3468 3644 3530 Sacer-

2098 3562 2361 3635 dotibus,
2378 3562 2516 3623 licet
2533 3560 2979 3623 Protonotarios
3001 3560 3368 3641 Apostolicos
3394 3561 3644 3624 honoris

2095 3657 2289 3739 gratia
2316 3656 2624 3737 cooptatis,
2654 3654 2761 3737 qui
2789 3663 2987 3718 tamen
3019 3656 3334 3737 utriusque
3357 3656 3639 3739 Signatu-

2098 3771 2201 3814 rae
2226 3750 2638 3814 Reserandarii
2673 3769 2792 3811 non
2827 3758 2969 3811 sunt
2992 3795 3011 3824 ,
3041 3770 3150 3812 nec
3180 3750 3438 3813 Urbium
3465 3771 3640 3832 prae-

2093 3844 2229 3907 fecti
2257 3890 2275 3918 ,
2322 3843 2559 3907 diverso
2602 3844 2778 3917 modo
2803 3889 2820 3917 ,
2846 3862 2934 3905 ‚ae
2976 3843 3198 3924 reliqui
3236 3844 3585 3915 ,Sacerdotes
3615 3892 3634 3920 ,

2093 3940 2314 4004 Missae
2347 3937 2721 4005 Sacrificium
2760 3957 2980 4021 agere,
3023 3945 3085 4000 et
3127 3938 3447 4021 privilegio
3495 3939 3587 4011 uti
3613 3986 3632 4014 ,

2091 4033 2253 4113 quod
2289 4031 2569 4115 pluribus
2597 4030 2734 4094 aliis
2773 4030 3063 4114 dignitate
3094 4031 3636 4113 praestantioribus

2089 4119 2447 4209 denegatur?
2650 4186 2656 4193 ,

2203 4221 2449 4295 Certum
2471 4220 2678 4302 igitur,
2703 4220 3126 4300 decretumque
3148 4228 3237 4282 est
3249 4220 3404 4307 nulli
3424 4221 3631 4285 Sacer*-

2088 4314 2226 4377 doti.
2243 4315 2310 4376 in
2335 4314 2623 4387 Dioecoei‚
2653 4333 2721 4375 ac
2747 4312 3001 4375 Civitate
3025 4323 3376 4399 argenteum
3405 4315 3631 4377 instru-

2088 4418 2380 4483 mentum,
2410 4409 2484 4487 de
2505 4428 2628 4489 quo
2651 4427 2811 4471 nunc
2838 4407 3095 4490 agimus,
3125 4409 3515 4493 tribuendum
3536 4430 3631 4473 es-

2084 4523 2147 4567 se
2172 4551 2189 4578 ,
2220 4504 2337 4565 nisi
2367 4503 2473 4585 qui
2523 4503 2676 4565 forte
2715 4504 2795 4564 ob
2841 4510 3101 4565 veterem
3142 4505 3579 4584 possessionem
3607 4553 3626 4579 ,

2084 4598 2354 4681 aliasque
2380 4598 2676 4681 legitimas
2709 4597 2971 4659 rationes
3013 4590 3202 4677 ipsius
3240 4597 3629 4663 instrumenti

2081 4714 2258 4757 usum
2289 4693 2670 4766 retinuerint,
2707 4691 2886 4754 Sacra
2916 4690 3166 4753 Rituum
3197 4691 3626 4775 Congregatio-

2081 4807 2159 4849 ne
2190 4787 2485 4869 probante
2512 4785 2627 4867 (2).
2658 4785 2781 4853 Nos
2811 4784 2994 4846 etiam
3020 4794 3369 4866 opportuna,
3391 4786 3627 4849 decreta

2075 4880 2613 4963 promulgavimus,
2638 4878 2886 4960 quaein
2914 4878 3283 4941 tabularium
3305 4879 3488 4963 hujus
3516 4901 3624 4943 no-

2075 4985 2233 5038 strae
2266 4975 2562 5037 Ecclesiae
2604 4973 2794 5035 relata
2839 4979 2983 5034 sunt
3008 5018 3025 5045 ,
3059 4979 3129 5034 ut
3167 4972 3361 5035 eidem
3405 4974 3620 5038 Sacrae

2075 5067 2533 5152 Congregationi
2575 5085 2802 5127 morem
2821 5083 3192 5147 gereremus.
3222 5067 3357 5147 Ipsa
3380 5086 3623 5148 quoque

2074 5182 2197 5225 non
2223 5161 2477 5245 privatis
2507 5159 2680 5221 modo
2703 5158 3146 5234 Sacerdotibus,
3176 5161 3278 5223 sed
3296 5162 3477 5224 etiam
3507 5162 3619 5224 Ca-

2073 5256 2329 5332 nonicis,
2361 5263 2423 5319 et
2445 5253 2703 5337 Capituli
2730 5248 3148 5335 dignitatibuS,
3182 5255 3510 5339 praecepit,
3543 5272 3623 5318 ne

2220 5461 2311 5534 (2)
2334 5461 2432 5515 Die
2457 5461 2543 5514 28.
2572 5460 2787 5532 Augusti
2817 5477 2900 5513 an.
2929 5459 3085 5513 17³⁴.
