4487 6316
511 3166 787 3207 'ree-uere

1044 528 1076 579 ι
1844 524 1934 576 ΒΕ
1968 523 2457 581 SACROSANCTO
2493 528 2712 582 utssAE
2749 531 3131 584 sxcatmcto

846 676 1142 734 crationes.
1173 670 1252 732 Et
1272 668 1483 752 paullo
1518 673 1695 750 post:
1740 666 1884 732 Iam
1912 686 2043 730 ver-o
2065 668 2409 732 Antistium·
2516 692 2648 753 par.
2678 678 2733 734 1.
2767 673 2875 733 lib.
2907 678 2966 735 2.
2991 694 3120 754 cap.
3145 677 3245 735 25.
3278 692 3448 736 num.
3474 677 3534 735 a.
3560 684 3773 756 etseq.
3799 682 3944 741 tom.
3975 682 4072 742 10.

843 768 1287 828 absolutissimae
1328 767 1704 827 caerentoniae
1741 774 1795 825 et
1822 773 2098 859 accurata
2121 766 2410 847 sacrificiu
2514 766 2672 828 Hist.
2705 767 2864 828 Eccl.
2919 767 3143 850 Fleury
3171 786 3308 850 pag.
3353 772 3492 830 264.
3527 776 3590 831 et
3621 777 3772 831 tom.
3806 777 3865 831 5.
3911 772 4072 835 Hist.

846 858 1220 922 sacerdotum
1243 908 1258 930 ,
1303 871 1353 920 et
1383 859 1587 919 Dicini
1610 859 1837 939 quidem
1862 860 2200 937 emtique
2238 859 2411 921 Ritus
2513 858 2673 921 Eccl.
2704 860 3052 924 Gallicanae
3085 862 3433 944 Longueval
3469 883 3606 946 pag.
3653 869 3792 926 318.
3834 873 3896 927 et
3931 872 4069 930 374.

842 954 973 1016 bine
1010 954 1269 1016 Psalmos
1296 956 1622 1015 canentium
1644 1001 1662 1025 ,
1700 964 1752 1014 et
1780 954 2034 1033 reliquas
2058 955 2218 1014 nobis
2255 956 2405 1016 divi-

839 1051 998 1110 nitus
1024 1049 1269 1111 traditas
1309 1068 1460 1109 voces
1483 1050 1936 1111 auscultantium
1958 1095 1975 1119 ,
2006 1050 2174 1108 illinc
2205 1051 2405 1111 divina

844 1154 896 1203 et
915 1162 1134 1204 arcana
1152 1144 1475 1203 obeuntium
1500 1143 1839 1203 ministerio.
1874 1141 2192 1203 Proditum
2219 1151 2310 1205 est
2339 1142 2403 1204 in

844 1239 1004 1321 Lege
1023 1284 1042 1313 ,
1074 1239 1343 1321 Moysem
1364 1237 1822 1300 tabernaculum
1849 1256 2243 1299 consecrasse:
2282 1237 2405 1299 Un-

840 1336 937 1393 aeit
958 1343 1011 1393 et
1033 1334 1408 1415 sanctificavit
1431 1353 1560 1393 cum
1578 1333 1832 1392 omnibus
1867 1333 2015 1393 vasis
2036 1333 2155 1393 suis
2182 1334 2400 1406 altare,

844 1438 898 1488 et
916 1430 1134 1490 similia
1159 1476 1175 1499 ,
1212 1435 1283 1490 ut
1298 1435 1387 1489 est
1417 1427 1481 1487 in
1510 1426 1704 1490 Exodi
1731 1446 1862 1507 cap.
1907 1431 2005 1488 40.
2051 1435 2112 1489 et
2149 1428 2398 1490 Numer.

844 1542 974 1603 cap.
1008 1529 1067 1584 7.
1100 1524 1264 1603 quod
1285 1518 1533 1604 quidem
1559 1521 2032 1585 Consecrationis
2058 1529 2406 1584 nostrorum

845 1617 1204 1697 templorum
1225 1616 1422 1699 figura
1441 1616 1740 1696 quaedam
1762 1614 1918 1689 fuit,
1947 1615 1999 1677 si
2029 1615 2268 1678 erudito
2288 1618 2401 1679 Pe-

844 1714 1006 1775 tavio
1024 1712 1306 1775 habenda
1330 1711 1479 1773 fides
1505 1710 1585 1773 sit
1609 1711 1685 1773 de
1711 1710 2049 1773 Ecclesiast.
2077 1710 2395 1774 Hierarch.

842 1807 948 1869 lib.
983 1815 1039 1868 3.
1064 1828 1195 1888 cap.
1239 1813 1298 1867 5.
1321 1806 1605 1868 Salomon
1644 1806 1829 1869 etiam
1867 1805 2195 1867 solemnem
2222 1807 2400 1867 Tem-

839 1902 923 1981 pli
953 1900 1403 1963 Dedicationem
1419 1900 1788 1963 celebravit:
1831 1899 2126 1962 Dedicuoit
2151 1899 2399 1962 Domum

837 1995 946 2055 Dei
981 1997 1151 2066 Rex,
1199 2005 1250 2055 et
1282 1998 1579 2056 universus
1611 1995 1911 2103 Populus,
1949 1993 2395 2075 Paralipomen.

837 2096 895 2150 9..
930 2090 1332 2171 mactavitque
1366 2090 1489 2151 duo
1514 2098 1576 2152 et
1600 2084 1817 2172 viginti
1846 2089 2040 2152 millia
2066 2091 2296 2164 boum,
2337 2096 2402 2153 et

836 2204 942 2247 sex
967 2194 1028 2248 et
1053 2185 1268 2269 viginti
1297 2185 1489 2247 millia
1513 2184 1796 2247 arietum.
1828 2185 1862 2245 J
1868 2184 2016 2247 udas
2042 2184 2401 2248 Machabae-

836 2299 950 2352 us,
981 2289 1301 2360 postquam
1326 2279 1518 2342 foedis
1541 2279 2070 2360 superstitionibus
2095 2279 2400 2360 pollutum

838 2375 1156 2455 Templum
1180 2374 1488 2454 expiavit,
1514 2383 1576 2437 et
1602 2374 1795 2437 altare
1821 2372 2127 2454 lapideum
2152 2374 2394 2454 posuit,

840 2471 1142 2533 Encaenia
1176 2470 1546 2544 celebravit,
1584 2489 1688 2531 seu
1725 2469 1890 2549 quod
1926 2468 2089 2531 idem
2113 2476 2203 2531 est
2226 2516 2243 2544 ,
2284 2470 2400 2531 Fe-

837 2576 997 2628 stum
1024 2565 1460 2639 Dedicationis,
1490 2572 1638 2626 teste
1664 2563 1919 2637 Isidoro,
1949 2563 2057 2645 qui
2086 2564 2195 2626 lib.
2232 2570 2289 2626 1.
2322 2564 2401 2627 de

832 2660 1176 2722 Ecclesiast.
1218 2659 1444 2721 Officiis
1481 2678 1611 2739 cap.
1656 2664 1757 2719 35.
1792 2658 2049 2721 scribit:
2098 2658 2401 2720 Encaeniu

840 2754 1133 2817 Feslicitas
1177 2766 1318 2829 erat,
1341 2754 1725 2815 Dedicationis
1772 2752 2007 2835 Templi.
2053 2754 2207 2814 Eam
2255 2773 2401 2815 vero

844 2851 1253 2913 Festivitatem
1293 2856 1524 2912 constat
1560 2849 1594 2909 J
1597 2849 1820 2911 udaeos
1852 2848 2183 2911 celebrasse
2215 2848 2403 2912 etiam

830 2946 944 3006 les·
930 2966 969 3005 ιι
1006 2944 1231 3009 Christi
1258 2952 1565 3024 tempore,
1608 2944 1716 3026 qui
1745 2963 1881 3007 eam
1907 2944 2250 3025 praesentia
2289 2965 2402 3008 sua

845 3010 1173 3101 illustravit
1195 3039 1666 3117 Joan.cap.10.

967 3138 1062 3195 10.
1096 3128 1261 3197 Haec
1286 3151 1431 3195 vero
1456 3152 1761 3196 sacrarum
1792 3107 2242 3214 scripturarum
2270 3132 2402 3197 loca

513 3222 636 3320 inmri
660 3218 803 3321 0⁸¹&
844 3248 963 3289 non
1013 3229 1193 3290 modo
1237 3228 1525 3291 evincunt
1560 3248 1598 3291 a
1633 3229 1667 3289 J
1673 3228 1878 3290 udaets
1902 3227 1980 3290 ad
2027 3228 2405 3291 Christianos

514 3287 732 3378 imi...
679 3277 805 3378 “3³¹⁸
845 3323 1053 3404 templi
1079 3323 1584 3386 consecrationem
1609 3342 1922 3398 manasse,
1964 3323 2074 3385 sed
2095 3323 2280 3386 etiam
2305 3322 2403 3385 lu-

515 3394 802 3435 ιίιιὶιιιιιτὶ-

515 3451 601 3493 dut

564 4496 823 4552 mbos,

847 3419 1117 3480 colenter
1142 3419 1505 3494 ostendunt,
1548 3426 1776 3499 quanta
1803 3417 2069 3501 injuria,
2098 3437 2408 3526 quamque

851 3520 1072 3575 temere
1095 3512 1382 3574 Calvinus
1415 3533 1653 3592 sacrum
1693 3511 1986 3594 ejusmodi
2015 3512 2222 3574 Ritum
2260 3512 2405 3574 irri-

850 3608 994 3670 serit
1022 3609 1215 3671 Instit.
1248 3608 1355 3670 lib.
1389 3615 1447 3670 3.
1478 3628 1609 3689 cap.
1640 3613 1739 3669 20.
1773 3607 1974 3670 Facile
2002 3607 2167 3669 enim
2194 3626 2269 3669 ea
2308 3606 2405 3669 di-

852 3704 1041 3766 luitur
1065 3703 1222 3767 ratio
1245 3750 1262 3777 ,
1290 3703 1389 3765 cui
1417 3702 1793 3784 potissimum
1820 3701 1926 3762 ille
1952 3700 2235 3764 innititur
2259 3747 2276 3775 ‚
2305 3721 2408 3783 pa—

852 3799 1030 3860 rietes
1055 3797 1346 3859 nimirum
1372 3816 1469 3858 res
1492 3816 1620 3858 esse
1643 3795 1964 3869 inanimes,
1993 3814 2152 3876 quae
2177 3802 2249 3858 ιιι
2274 3815 2410 3878 gra-

856 3894 994 3968 tiae,
1025 3893 1111 3955 ita
1134 3892 1316 3955 etiam
1342 3890 1803 3953 consecrationis
1827 3889 2206 3971 recipiendae
2230 3898 2408 3970 aptae

852 4008 975 4050 non
1002 3996 1187 4060 sunt;
1226 4006 1369 4048 nam
1390 3985 1654 4046 Ecclesia
1676 3985 1990 4046 mmet-iulis
2027 3983 2163 4046 ideo
2200 3985 2409 4046 conse-

848 4095 1074 4159 cratur,
1086 4089 1157 4144 ut
1173 4078 1562 4144 sanctificatio
1579 4078 2201 4159 illarepraesentetur,
2217 4097 2406 4159 quam

854 4179 1112 4240 Ecclesia
1146 4175 1403 4255 formalis
1429 4194 1536 4236 seu
1560 4181 1762 4236 coetus
1800 4172 2101 4235 Fidelium
2126 4173 2235 4253 per
2262 4174 2408 4235 Pas-

852 4274 1086 4334 sionem
1121 4271 1343 4336 Christi
1388 4277 1793 4348 consequutus
1831 4274 1920 4330 est
1948 4313 1966 4343 ,
2013 4277 2085 4331 ut
2122 4268 2295 4332 docet
2330 4269 2406 4333 D.

855 4369 1200 4432 Thomas3.
1233 4372 1481 4447 part.q.
1517 4369 1616 4425 83.
1647 4372 1763 4426 art.
1798 4368 1855 4423 3.
1887 4362 2052 4425 ad2.

986 4466 1081 4526 11.
1113 4462 1418 4524 Hactenus
1454 4457 1530 4519 de
1553 4455 1767 4538 primis
1800 4455 2099 4518 Ecclesiae
2136 4456 2408 4526 saeculis.

526 4555 794 4600 21..oean
855 4563 1041 4629 Medii
1079 4577 1226 4622 vero
1265 4555 1397 4619 aevi
1427 4551 1799 4632 temporibus
1841 4551 2052 4613 eadem
2078 4551 2260 4632 plane
2296 4551 2417 4616 fuit

525 4617 582 4657 da
615 4624 678 4659 ent
710 4616 815 4657 uie—

527 4687 571 4716 „
600 4686 746 4731 upon
732 4672 817 4714 ὶιιιι
857 4677 1015 4743 quae
1040 4652 1288 4718 vetustis
1309 4650 1433 4712 illis
1459 4647 1711 4711 saeculis
1751 4645 2087 4727 disciplina.
2119 4648 2414 4712 Ecclesia-

529 4732 658 4775 nulii

530 4806 577 4833 ,ς
603 4803 682 4831 00,
657 4729 820 4830 ,ag
857 4753 1019 4816 sticis
1056 4748 1221 4811 enim
1247 4742 1657 4808 sanctionibus
1691 4740 1944 4803 vetitum
1971 4748 2099 4814 est,
2140 4761 2219 4803 ne
2246 4741 2416 4823 quis-

530 4848 712 4903 ‘¹⁶·‘“¹¹¹⁸
750 4842 814 4885 ‘¹⁸'
859 4865 1045 4929 quam
1082 4851 1254 4907 extra
1298 4837 1590 4918 templum
1629 4836 1746 4898 nisi
1786 4835 2132 4898 necessitate
2170 4836 2418 4900 adactus

532 4904 719 4962 stifft-as.

865 4943 1082 5004 Missae
1116 4933 1489 5000 Sacrificium
1523 4939 1812 5014 peragat;
1851 4939 1914 4993 et
1947 4931 1997 4992 si
2024 4930 2273 5012 quidem
2308 4952 2416 4995 ne-

865 5033 1120 5098 cessario
1145 5042 1381 5093 coactus
1406 5025 1691 5089 Sacerdos
1713 5032 1886 5088 extra
1910 5023 2203 5107 templum
2229 5026 2416 5088 sacri-

862 5128 1045 5200 ticet,
1077 5124 1296 5208 jubent
1318 5119 1617 5184 Ecclesiae
1656 5117 1816 5201 leges
1837 5164 1856 5193 ,
1893 5118 1957 5181 id
1994 5138 2178 5200 supra
2214 5127 2416 5201 petras

864 5223 998 5284 fieri
1027 5268 1043 5294 ‚
1091 5236 1244 5300 quas
1267 5216 1594 5298 Episcopus
1616 5213 2071 5280 consecraverit.
2116 5214 2301 5296 Cujus
2325 5215 2416 5277 rei

867 5320 1223 5398 argumenta
1245 5308 1516 5391 depromi
1543 5317 1790 5389 possunt
1813 5327 1889 5370 ex
1916 5307 2195 5370 Dacherii
2223 5308 2416 5389 Spici-

870 5410 1027 5491 legio
1053 5417 1197 5469 tom.
1233 5412 1288 5467 1.
1322 5424 1456 5487 pag.
1503 5406 1641 5465 403.
1672 5402 1991 5466 Sirmondo
2019 5410 2162 5464 tom.
2186 5407 2255 5482 1ΕΒ.
2301 5422 2418 5463 nu-

874 5503 1173 5585 perrimae
1209 5501 1353 5562 edit.
1385 5518 1520 5579 pag.
1563 5503 1700 5559 668.
1732 5505 1810 5560 et.
1844 5502 1981 5559 669.
2029 5496 2420 5560 Thomaesino

2512 952 2911 1035 Temporibus
2934 955 3100 1018 haud
3127 956 3389 1019 multum
3416 958 3720 1021 abaetate
3745 968 3951 1021 nostra
3976 981 4076 1023 re-

2513 1049 2692 1109 motis
2715 1056 2916 1112 actum
2944 1051 3020 1112 de
3044 1071 3159 1111 usu
3186 1050 3452 1113 tollendo
3490 1052 3835 1115 celebrandi
3863 1053 4077 1116 Missas

2508 1138 2576 1201 in
2602 1141 2854 1221 privatis
2879 1143 3159 1207 domibus
3184 1165 3291 1207 seu
3324 1146 3678 1207 earumdem
3705 1146 3974 1222 sacellis,
4003 1155 4076 1212 ιιι

2509 1243 2740 1299 constat
2766 1256 2844 1298 ex
2870 1236 3305 1301 Collationibus
3330 1238 3517 1301 trium
3558 1240 3977 1303 Cardinalium
4016 1248 4078 1305 et

2509 1327 2784 1411 quinque
2810 1333 3248 1409 Praelatorum,
3277 1354 3431 1415 quos
3455 1335 3756 1398 Ecclesiae
3784 1335 4074 1400 reforma-

2511 1424 2660 1486 tioni
2708 1426 2932 1490 Paulus
2967 1429 3203 1492 Tertius
3241 1429 3648 1511 praefecerat,
3699 1437 3761 1492 et
3807 1450 4075 1512 quorum

2507 1521 2972 1585 consultationes
2997 1524 3346 1587 referuntur
3384 1532 3530 1586 tom.
3574 1530 3670 1587 18.
3702 1526 3864 1588 Eccl.
3910 1526 4070 1590 Hist.

2508 1613 2733 1696 Fleury
2759 1661 2776 1689 ,
2803 1616 2910 1677 ubi
2940 1637 3077 1700 pag.
3113 1623 3249 1680 167.
3284 1617 3609 1680 articulum
3635 1618 3930 1700 reperies,
3961 1619 4069 1701 qui

2506 1708 2585 1772 ad
2611 1729 2741 1771 rem
2778 1711 3082 1791 pertinet,
3122 1713 3200 1775 de
3225 1732 3349 1793 qua
3373 1713 3630 1795 agimus.
3677 1715 3909 1776 Verum
3934 1760 3951 1788 ,
4002 1724 4074 1779 ut

2507 1800 2778 1865 in·tertio
2801 1803 2962 1867 libro
2988 1826 3097 1867 suo
3139 1805 3268 1868 loco
3294 1805 3564 1869 dicemus
3588 1853 3605 1880 ,
3646 1827 3744 1869 res
3768 1827 3842 1870 eo
3879 1808 4070 1870 dedu·

2505 1903 2600 1960 cta
2626 1906 2753 1971 est,
2802 1908 2871 1961 ut
2904 1900 3181 1982 Episcopi
3211 1901 3365 1963 nulli
3408 1901 3687 1983 deinceps
3724 1901 4072 1964 facultatem

2503 1994 2894 2057 concederent
2923 1994 2986 2057 in
3016 1995 3314 2059 Oratoriis
3340 1997 3718 2078 privatarum
3746 1998 4069 2059 domorum

2502 2086 2848 2151 celebrandi
2877 2090 3157 2164 Missam,
3186 2099 3249 2153 et
3271 2091 3565 2173 ejusmodi
3593 2090 3958 2154 concedendi
3987 2090 4075 2154 fa-

2501 2182 2785 2246 cultatem
2812 2184 2923 2246 soli
2971 2188 3242 2248 Romano
3269 2186 3547 2249 Pontifici
3590 2196 3849 2268 potestas
3877 2205 4073 2248 reser-

2503 2286 2771 2340 varetur.
2820 2279 2951 2341 Hoc
2991 2281 3171 2343 modo
3195 2282 3471 2355 sublatus
3509 2282 3706 2345 malus
3731 2302 3878 2344 usus
3899 2326 3919 2355 ,
3964 2300 4075 2344 nec

2506 2379 2706 2433 tamen
2731 2418 2748 2446 ,
2798 2381 2869 2435 ut
2890 2376 3065 2456 ajunt
3088 2420 3105 2448 ,
3155 2374 3333 2437 radix
3377 2375 3685 2437 convulsa.
3739 2377 3874 2437 Non
3903 2374 4071 2437 enim

2503 2467 2667 2544 apud
2683 2467 3044 2530 severiorem
3061 2470 3243 2533 etiam
3262 2470 3686 2551 antiquitatem
3706 2489 3935 2533 novum
3958 2478 4071 2544 est,

2503 2557 2747 2622 Missam
2776 2560 2840 2622 in
2874 2562 3249 2642 privatarum
3289 2564 3609 2625 domorum
3634 2563 3934 2626 Oratoriis
3971 2583 4074 2626 ce-

2504 2651 2751 2717 lebrari.
2786 2658 2939 2719 Nam
2966 2659 3038 2719 D.
3086 2658 3378 2721 Paulinus
3402 2658 3468 2720 in
3501 2659 3628 2722 vita
3668 2660 3730 2721 S.
3762 2658 4072 2721 Ambrosii

2506 2758 2754 2824 narrat,
2799 2753 2944 2814 dum
2973 2756 3197 2816 Romae
3223 2760 3376 2815 esset
3396 2799 3415 2828 ,
3445 2754 3524 2816 ab
3553 2752 3777 2815 illustri
3805 2753 4075 2833 quadam

2507 2855 2820 2920 matrona,
2851 2868 3008 2928 quae
3038 2856 3202 2911 trans
3229 2848 3501 2910 Tiberim
3526 2847 3888 2922 habitabat,
3903 2836 4077 2910 'invi-

2507 2947 2697 3002 tatum
2724 2942 2785 3002 S.
2817 2942 3206 3003 Ambrosium
3240 2942 3532 3004 Missam
3514 2963 3580 3004 ιιι
3608 2944 3739 3025 ejus
3765 2943 3946 3004 domo
3982 2961 4093 3014 ce·-

2508 3034 2809 3112 lebrasse3
2839 3038 3002 3120 quod
3030 3037 3459 3100 animadvertit
3485 3037 3791 3100 Pamelius
3818 3036 4076 3100 Canoni-

2506 3150 2611 3193 cus
2656 3132 3032 3216 Burgensis
3015 3153 3080 3195 m
3117 3118 3391 3217 Liturgia
3417 3133 3775 3197 Latinorum
3817 3139 3961 3195 tom.
4010 3136 4068 3194 1.

2508 3245 2641 3332 pag.
2676 3233 2813 3288 291.
2846 3237 2907 3290 et
2940 3228 3002 3289 in
3032 3229 3513 3292 Sacramentario
3538 3228 3875 3300 Gallicane,
3905 3226 4074 3308 quod

2509 3319 2573 3381 in
2604 3328 2747 3382 tom.
2785 3326 2839 3381 1.
2868 3322 3059 3382 Musei
3083 3322 3274 3384 Italici
3301 3323 3491 3386 edidit
3519 3321 3912 3385 Mabillonius
3929 3339 4067 3403 pag.

2510 3419 2647 3477 364.
2699 3415 2960 3477 habetur
2988 3416 3197 3478 Oratio
3241 3418 3494 3480 dicenda
3530 3418 3596 3479 in
3637 3417 3821 3479 Missa
3845 3461 3864 3490 ,
3914 3435 4075 3497 quae

2509 3509 2914 3572 celebraretur
2941 3513 3005 3570 in
3031 3512 3189 3571 donno
3214 3514 3529 3589 cujuslibet.
3566 3509 3810 3572 mestre
3829 3528 4077 3591 quoque

2510 3603 2853 3683 exemplum
2881 3603 3156 3665 educitur
3175 3624 3252 3664 ex
3272 3603 3381 3664 lib.
3416 3611 3474 3665 5.
3498 3604 3688 3684 Epist.
3715 3608 3813 3666 43.
3842 3605 3903 3666 S.
3928 3603 4076 3666 Gre-

2510 3696 2686 3779 gorii.
2721 3697 3003 3768 Venantii
3032 3697 3344 3778 cujusdam
3368 3696 3741 3759 oblationem
3767 3714 4076 3759 recusave-

2511 3799 2607 3851 rat
2646 3789 2973 3871 Episcopus
2998 3789 3411 3872 Syracusanus
3434 3835 3453 3864 ,
3493 3809 3602 3852 nec
3628 3790 3828 3852 sinere
3862 3788 4075 3851 volue-

2513 3892 2627 3957 rat,
2650 3894 2719 3946 ιιι
2746 3884 2809 3944 in
2835 3887 2965 3966 ejus
2989 3885 3167 3946 domo
3187 3883 3368 3947 Missa
3388 3884 3829 3959 celebraretur3
3851 3902 4074 3965 quam-

2511 3979 2724 4040 obrem
2770 3979 2946 4041 illum
2982 3979 3276 4041 hortatur·
3304 3980 3365 4041 S.
3418 3979 3738 4053 Pontifex,
3785 3987 3857 4041 ut
3895 3977 4073 4043 obla-

2495 4073 2737 4144 ‚tionem
2766 4075 3019 4155 accipiat
3040 4120 3060 4149 ,
3099 4083 3161 4136 et
3187 4075 3431 4139 Missam
3458 4076 3523 4137 in
3549 4078 3679 4158 ejus
3704 4075 3883 4137 domo
3917 4072 4074 4136 cele-

2515 4168 2680 4229 brari
2709 4167 2971 4249 patiatur
2997 4214 3014 4242 ,
3042 4168 3230 4230 immo
3256 4169 3384 4251 ipse
3409 4170 3654 4232 Missam
3680 4167 3972 4242 celebret,
4001 4173 4074 4230 ut

2516 4262 2959 4326 reconciliatam
2988 4263 3145 4325 inter
3164 4282 3265 4326 eos
3289 4264 3549 4346 gratiam
3565 4262 3852 4324 omnibus
3868 4260 4074 4342 palam

2517 4354 2768 4419 faceret:
2799 4357 2883 4418 Et
2907 4358 3156 4422 indomo
3179 4361 3358 4440 ipsius
3390 4358 3712 4421 Missurum
3734 4358 3938 4439 peraqi
3951 4376 4075 4438 my—

2516 4455 2690 4514 steria
2710 4455 3086 4533 permittatis,·
3113 4466 3217 4516 aut
3242 4457 3389 4516 sicut
3411 4455 3758 4534 scripsimus,
3786 4454 3840 4513 si
3864 4451 4075 4532 fortas—

2517 4568 2573 4610 se
2597 4550 2837 4622 voluerit
2859 4596 2877 4621 ,
2900 4569 3004 4631 per
3030 4568 3122 4610 cos
3147 4550 3384 4610 debeatis
3409 4549 3682 4619 accedere,
3710 4557 3764 4608 et
3787 4547 4075 4608 celebran-

2519 4644 2590 4705 do
2614 4645 2769 4724 apud
2793 4664 2920 4704 eum
2953 4642 3167 4705 Missas
3187 4645 3437 4723 priorem
3460 4645 3713 4722 qratiam
3737 4642 4068 4720 reformare.

2520 4740 2696 4813 Quod
2741 4738 2922 4800 etiam
2960 4736 3304 4810 observavit
3338 4737 3606 4799 Casalius
3648 4736 3725 4799 de
3769 4734 4075 4798 veteribus

2518 4833 2701 4896 sacris
2735 4831 3214 4895 Christianorum
3253 4831 3494 4893 Ritibus
3529 4849 3662 4912 cap.
3695 4837 3753 4893 9.
3787 4851 3925 4913 pag.
3968 4834 4069 4892 74.

2520 4928 2664 4991 edit.
2697 4930 3002 4990 Romanae
3019 4944 3182 4988 anno
3202 4929 3376 4987 1647.
3400 4927 3490 4988 De
3505 4925 3852 5007 hujusmodi
3872 4934 4074 4989 tamen

2522 5023 2772 5102 privatis
2816 5020 3110 5084 Oratoriis
3145 5020 3471 5084 Ecclesiam
3516 5020 3795 5083 novimus
3839 5020 4076 5101 aliquid

2523 5118 2827 5179 interdum
2862 5115 3232 5178 decrevisse:
3259 5105 3351 5177 ἐκ
3384 5134 3508 5196 quo
3545 5115 3800 5199 intelligi
3839 5124 4072 5196 potest,

2521 5232 2730 5274 eorum
2756 5210 3003 5292 quidem
3031 5209 3259 5272 malum
3283 5227 3464 5272 usum
3486 5256 3503 5284 ,
3534 5229 3659 5272 non
3686 5230 3868 5272 usum
3894 5212 3974 5273 ab
4002 5233 4077 5277 ea

2523 5305 2875 5394 improbari.
2901 5304 3100 5367 Malus
3116 5314 3319 5367 autem
3333 5325 3545 5367 eorum
3568 5325 3714 5367 usus
3736 5315 3847 5382 est,
3868 5308 3918 5369 si
3937 5310 4078 5389 quis

2525 5402 2588 5464 in
2618 5402 2692 5463 iis
2717 5399 3012 5466 Oratoriis
3037 5419 3236 5463 sacras
3276 5399 3411 5462 illas
3432 5400 3836 5463 caeremonias
3873 5403 4079 5485 peragi

2525 5496 2820 5576 postulet,
2845 5495 3094 5576 quaein
3125 5494 3363 5574 templis
3389 5503 3530 5555 sunt
3554 5497 3949 5577 peragendae,
3971 5506 4080 5562 aut
