4487 6316
453 3748 594 3795 Verba
639 3745 711 3790 itt·
722 3759 740 3792 ε

453 3811 511 3851 Et
555 3805 746 3850 omnibus

755 609 818 673 di
860 617 1036 674 erant
1061 610 1152 690 ii,
1185 612 1293 695 qui
1337 613 1459 677 illis
1491 615 1856 697 temporibus
1890 618 2295 699 imperabant.

757 704 1105 769 Consonant
1138 708 1247 788 qui
1280 708 1459 788 primi
1491 729 1607 788 pro
1632 711 1969 775 Christiana
1997 711 2310 794 Religione

757 797 1080 882 Apologias
1102 801 1498 883 scripserunt,
1526 806 1631 886 qui
1668 807 1821 870 illud
1852 827 2085 888 semper
2108 806 2306 868 incul-

759 901 900 955 cant
915 940 931 967 ,
961 894 1330 959 Christianos
1353 918 1464 978 pro
1492 901 1858 981 Imperatore
1879 903 2071 963 Deum
2095 921 2306 965 orare:

761 985 1166 1071 Sacrificamus
1189 990 1302 1073 (ait
1321 994 1729 1058 Tertullianus
1748 996 1828 1059 ad
1843 996 2159 1078 Scapulam
2172 1015 2306 1077 cap.

763 1084 858 1165 2.)
880 1104 988 1165 pro
1008 1087 1189 1147 salute
1205 1087 1568 1169 Imperatoris
1593 1136 1610 1164 ,
1638 1092 1732 1152 scd
1769 1092 1886 1153 Deo
1923 1103 2112 1153 nostro
2141 1102 2192 1151 et
2219 1094 2313 1172 ip-

760 1179 912 1250 sius,
945 1179 1039 1237 sed
1067 1184 1334 1259 quomodo
1350 1186 1631 1263 praecepit
1659 1184 1839 1257 Deus,
1867 1207 2017 1266 pura
2035 1206 2212 1266 prece.
2238 1185 2316 1246 Et

764 1272 1055 1354 Origenes
1073 1275 1358 1338 adversus
1377 1277 1615 1339 Celsum
1632 1325 1648 1352 ,
1678 1280 1784 1359 qui
1814 1279 2184 1341 Christianos
2212 1298 2314 1340 co-

762 1363 1122 1429 hortabatur
1149 1414 1167 1442 ,
1205 1378 1273 1431 ut
1304 1389 1416 1453 pro
1458 1372 1826 1452 Imperatore
1870 1372 2097 1434 bellum
2141 1392 2313 1454 gere-

768 1468 935 1534 rent,
955 1462 1073 1523 ait:
1106 1462 1454 1544 Laboramus
1473 1487 1581 1547 pro
1599 1465 1841 1548 Imperio
1860 1468 2122 1530 'Romano
2139 1516 2154 1537 ‚
2180 1469 2318 1527 dum

760 1557 913 1636 juste
965 1560 1201 1619 viventes
1247 1571 1377 1622 vota
1426 1581 1533 1641 pro
1572 1583 1632 1623 co
1672 1564 1930 1641 facimus.
1973 1563 2053 1624 Et
2095 1562 2322 1644 Diony-

771 1650 897 1714 sius
916 1653 1362 1717 Alexandrinus
1393 1656 1555 1736 apud
1587 1657 1917 1719 Eusebium
1956 1656 2112 1719 Hist.
2150 1654 2311 1717 Eccl.

768 1746 879 1808 lib.
913 1752 971 1807 7.
999 1768 1128 1830 cap.
1162 1754 1254 1810 11.
1278 1749 1398 1811 Nos
1420 1771 1600 1811 unum
1628 1752 1812 1813 Deum
1832 1770 2035 1813 'rerum
2065 1753 2320 1812 omnium

774 1838 1064 1922 opificem,
1093 1846 1195 1921 qui
1223 1843 1524 1906 Valeriano
1551 1857 1601 1906 ct
1640 1843 1904 1906 Gallieno
1924 1846 2321 1909 sacratissimis

768 1935 1044 2012 Anqustis
1064 1938 1364 2017 imperium
1386 1941 1647 2010 tradidit,
1671 1941 1902 2001 colimus
1921 1952 1972 2002 et
1994 1942 2317 2002 adoramus.

769 2028 932 2091 Huic
957 2032 1250 2092 continuas
1265 2052 1448 2116 preces
1475 2033 1758 2115 offerimus
1772 2055 1879 2115 pro
1911 2033 2156 2117 Imperio
2186 2037 2323 2095 illo-

773 2143 938 2205 rum,
963 2136 1026 2184 ut
1051 2127 1249 2188 stabile
1270 2138 1321 2187 ct
1340 2130 1729 2188 inconcussum
1758 2141 2103 2210 pcrnmncat.
2145 2131 2327 2192 Notat

778 2218 863 2280 Le
883 2220 1049 2280 Brun
1070 2228 1212 2281 tom.
1247 2226 1300 2281 1.
1327 2232 1464 2303 pag.
1496 2228 1632 2284 420.
1674 2224 1975 2307 Liturgias
2008 2234 2142 2306 post
2166 2225 2326 2286 Con-

776 2313 1109 2375 stantinum
1129 2334 1346 2377 nomen
1372 2311 1787 2397 Imperatoria,
1813 2319 1919 2399 qui
1955 2328 2083 2381 tum
2107 2339 2326 2401 regna-

779 2415 914 2483 ret,
958 2408 1183 2474 habere
1205 2456 1222 2483 ,
1250 2412 1433 2494 *quod
1475 2433 1613 2474 cum
1668 2425 1982 2494 praecepto
2029 2414 2327 2476 consentit

780 2503 994 2565 orandi
1027 2523 1139 2584 pro
1169 2504 1463 2586 Regibus,
1497 2515 1561 2571 ct
1601 2506 1667 2567 in
1708 2507 2072 2590 quibusdam
2108 2526 2326 2569 manu-

780 2598 1017 2677 scriptis
1036 2607 1169 2679 post
1183 2620 1290 2679 pro
1316 2598 1656 2680 Imperatore
1683 2601 1778 2663 vel
1805 2621 1911 2682 pre
1942 2602 2086 2679 que
2115 2601 2232 2674 ait,
2266 2620 2328 2661 se

777 2691 1068 2772 reperisse
1089 2702 1293 2756 notam
1322 2695 1472 2756 ILL.
1494 2715 1657 2775 quae
1677 2695 1845 2768 idem,
1857 2696 2017 2757 valet
2039 2696 2201 2776 quod
2219 2715 2291 2757 ea
2308 2740 2326 2770 ,

780 2803 904 2866 qua
926 2806 1089 2848 nunc
1109 2788 1340 2850 utimur
1360 2790 1487 2851 NN.
1526 2791 1626 2851 Ex·
1651 2808 1775 2871 quo
1810 2790 2050 2852 elicitur
2098 2810 2330 2852 morem

781 2875 966 2955 tfuisse
985 2879 1198 2965 orandi
1222 2881 1285 2942 in
1307 2881 1548 2943 Canone
1569 2902 1681 2962 pro
1703 2884 2071 2963 Imperatore
2093 2883 2186 2945 vel
2213 2887 2329 2947 Re-

781 2990 887 3053 ge,
929 2971 1038 3052 qui
1071 2972 1411 3054 imperaret.
1452 2977 1540 3036 De
1584 2985 1725 3038 nota
1767 2977 1874 3039 illa
1918 2978 2069 3038 ILL.
2117 2978 2332 3040 scribit

785 3066 978 3132 Lucas
997 3065 1343 3128 Holstenius
1372 3067 1436 3128 in
1474 3068 1731 3131 Praefat.
1767 3069 1842 3131 ad
1881 3070 2109 3132 librum
2146 3071 2331 3132 Diur-

783 3180 935 3244 num
969 3164 1377 3224 Romanorum
1411 3163 1794 3249 Pontificum:
1831 3165 1899 3225 Id
1925 3186 2105 3230 unum
2144 3168 2334 3226 censui

773 3277 897 3333 non
912 3259 1470 3337 praetermittendum
1487 3305 1501 3327 ,
1528 3260 1675 3336 quod
1704 3278 1831 3318 eum
1854 3262 1916 3319 in
1948 3263 2333 3340 manuscripto

783 3342 984 3412 Codice
1002 3352 1318 3429 [requenter
1350 3352 1624 3412 habeatur
1657 3348 1789 3413 haec
1815 3353 2139 3413 nota-ILL.
2179 3373 2328 3432 qua,

777 3454 847 3504 ut
868 3445 1136 3505 Eruditis
1157 3447 1379 3517 obvium
1399 3457 1476 3505 cst
1494 3493 1509 3517 ,
1536 3448 1842 3507 utebantur
1863 3457 2063 3533 celeres
2085 3450 2161 3508 ad
2183 3450 2334 3509 indi-

781 3539 1027 3599 candum
1048 3541 1275 3619 proprii
1294 3542 1537 3600 nominis
1563 3541 1762 3611 locum,
1785 3543 1878 3601 uti
1895 3561 2046 3602 nunc
2066 3540 2337 3623 Nmpo-

781 3634 848 3692 ni
868 3633 1096 3692 solitum
1119 3644 1217 3714 αρε.

903 3732 960 3787 6.
989 3723 1263 3808 Denique
1280 3728 1344 3789 in
1366 3729 1575 3791 eadem
1595 3700 1882 3792 Oratione
1897 3729 2182 3792 Sacerdos
2201 3741 2337 3795 orat

454 3862 703 3907 Orthodoxin
783 3838 895 3901 pro
927 3823 1213 3885 omnibus
1239 3823 1587 3885 Fidelibus:
1635 3825 1718 3884 Ee
1751 3827 2005 3886 omnibus
2053 3824 2334 3891 Orthodo-

453 3931 535 3965 otc.
590 3921 740 3963 desunt.

455 3981 498 4021 in
581 3986 740 4021 vetusto

456 4036 616 4079 Ordine
654 4039 739 4078 no-

458 4107 594 4144 mano,
609 4099 652 4137 et
669 4095 736 4134 Sa-

459 4151 728 4193 cementario

778 3918 906 3999 xis„
926 3928 1094 3997 atquc
1121 3916 1444 3980 Catholicae
1465 3928 1515 3978 ct
1534 3918 1883 3997 Apostolicac
1903 3920 2064 3981 Fidei
2078 3920 2126 3983 C
2126 3923 2334 3982 ultori-

782 4012 902 4071 bus.
940 4011 1103 4074 Haec
1132 4010 1348 4074 desunt
1375 4011 1442 4071 in
1474 4011 1726 4092 antiquo
1753 4012 1982 4077 Ordine
2013 4016 2286 4077 Romano
2311 4060 2328 4088 ,

783 4105 848 4166 in
876 4107 1061 4169 Libro
1087 4106 1609 4169 Sacramentorum
1638 4106 1697 4168 S.
1737 4107 2047 4189 Gregorii,
2093 4110 2199 4189 qui
2246 4116 2337 4171 est

458 4210 504 4250 ⁵·
537 4208 741 4275 Gresswii·
785 4198 849 4261 in
866 4200 1245 4262 Bibliotheca
1272 4199 1606 4272 Vaticana,
1640 4199 1947 4275 Palatina,
1979 4212 2038 4262 et
2061 4201 2128 4275 in
2162 4210 2335 4264 vetu-

458 4267 663 4310 Hacretici
698 4278 744 4306 n-

456 4321 551 4376 juni
579 4335 626 4363 a
676 4334 744 4364 n—
783 4301 874 4355 sto
899 4294 1164 4374 quodam
1190 4293 1415 4355 Missali
1443 4292 1767 4368 Vaticano:
1800 4295 2193 4373 quamobrem
2218 4296 2335 4357 Mi-

458 4378 662 4423 dandae.

506 5296 748 5341 Bell-mini

457 5355 511 5399 ad
540 5368 631 5399 eam
675 5367 747 5397 ca-

787 4388 1062 4470 crologus
1111 4388 1176 4448 in
1223 4385 1762 4457 observationibus
1807 4387 2144 4450 Ecclesiast.
2198 4409 2330 4469 cap.

788 4486 889 4542 23.
926 4482 1030 4542 ubi
1071 4479 1342 4561 loquitur
1367 4480 1443 4541 de
1474 4479 1716 4540 Canone
1737 4524 1753 4551 ,
1800 4498 1872 4541 ea
1914 4480 2340 4562 praetermittit

789 4576 1018 4648 verba3
1051 4583 1112 4636 et
1139 4594 1267 4655 cap.
1306 4578 1400 4635 13.
1433 4572 1558 4646 ait,
1591 4593 1663 4634 ea
1689 4592 1814 4635 esse
1844 4572 2335 4652 'supervacanea3

790 4688 934 4731 nam
964 4667 1169 4750 paullo
1199 4674 1330 4747 post
1368 4667 1658 4729 Sacerdos
1697 4675 1831 4743 orat
1865 4687 1975 4748 pro
2006 4667 2251 4730 famulis
2282 4678 2343 4733 et

790 4762 1136 4826 famulabus
1160 4761 1304 4833 Dei,
1331 4761 1494 4840 qnod
1522 4760 1678 4821 idem
1706 4770 1794 4823 est
1822 4779 1891 4822 ac
1918 4762 2341 4841 pro-omnibus

793 4857 1133 4925 Catholicae
1157 4855 1451 4918 Eoelesiae
1479 4851 1806 4916 Fidelibus,
1835 4854 2134 4918 Haeretici
2157 4855 2341 4937 hujus

788 4950 1073 5032 temporis
1100 4943 1177 5011 >ea
1208 4950 1393 5010 verba
1422 4947 1762 5009 redundare
1788 4947 2018 5021 dicunt,
2041 4949 2207 5028 quod
2231 4967 2340 5028 pa-

756 5089 762 5094 -
787 5046 916 5108 ullo
939 5057 1079 5108 ante
1100 5043 1321 5106 dixerit
1340 5041 1645 5113 Sacerdos,
1667 5038 1777 5122 ’pro
1802 5043 2060 5116 Ecclesia
2085 5054 2185 5103 lua
2210 5063 2344 5104 aan-

789 5152 882 5203 cta
906 5140 1202 5202 Catholica
1233 5185 1247 5207 ,
1278 5136 1441 5217 quod
1472 5134 1632 5196 idem
1663 5143 1751 5197 est
1771 5180 1788 5209 ‚
1821 5155 1891 5198 ac
1915 5154 2028 5217 pro
2056 5136 2343 5198 omnibus

792 5234 1100 5297 Fidelibus
1129 5230 1450 5294 Catholicis
1479 5247 1673 5291 orare.
2191 5247 2197 5251 ·

826 5385 829 5388 ,
904 5335 963 5396 7.
989 5324 1319 5392 Haereticis
1339 5323 1463 5384 illis
1482 5322 1800 5402 respondet
1820 5322 2243 5398 Bellarminus‚
2270 5343 2343 5386 ea

458 5412 753 5481 Μ’·Ψῑωω·
794 5425 982 5488 verba
1011 5422 1262 5491 minime
1289 5434 1634 5501 superesse3
1661 5434 1802 5480 nam
1834 5437 1973 5479 cum
2009 5417 2344 5504 generatim

455 5483 634 5530 pom.

1630 473 1712 524 m:
1736 449 2221 533 smnosaflcro
2260 472 2474 530 mssa
2512 472 2889 527 sacrameto

2414 637 2527 698 pro
2555 617 2838 679 universa
2861 616 3125 679 Ecclesia
3156 616 3443 678 Sacerdos
3468 616 3733 687 cruerit
3754 663 3773 689 ,
3806 614 3973 677 dein-

2416 714 2490 774 de
2532 712 2883 794 singillatim
2924 733 3034 793 pro
3073 713 3235 792 Papa
3263 758 3279 784 ,
3325 731 3435 792 pro
3477 711 3769 791 Episcopo
3793 757 3809 784 ,
3862 729 3973 791 pro

2419 808 2600 889 Rege,
2634 807 2881 869 decebat
2907 805 3174 886 reliquos
3200 806 3382 866 etiam
3406 804 3641 866 Fideles
3666 851 3682 877 ,
3712 824 3817 865 seu
3841 804 3968 884 pri·

2417 902 2540 964 vati
2570 921 2674 963 seu
2697 902 2815 963 viri
2847 901 3147 981 principes
3172 899 3314 978 sint,
3337 919 3828 961 commemorare.
3859 898 3974 959 Mi-

2416 993 2641 1078 crologi
2661 1015 2805 1057 vero
2830 995 2985 1058 ratio
3010 994 3303 1056 evertitur
3323 1014 3400 1055 ex
3422 1014 3515 1067 eo,
3541 994 3706 1075 quod
3727 995 3789 1054 in
3813 994 3970 1055 Ora-

2421 1090 2601 1152 tionis
2629 1109 2966 1172 progressu,
2998 1089 3153 1151 idest
3180 1089 3244 1150 in
3268 1089 3573 1160 Memento,
3607 1107 3817 1150 revera
3847 1106 3972 1148 non

2418 1185 2678 1248 aliorum
2699 1185 2923 1246 mentio
2949 1184 3089 1257 fiat,
3119 1201 3306 1265 quam
3331 1203 3545 1245 eorum
3574 1184 3680 1263 qui
3711 1183 3806 1244 vel
3834 1183 3977 1243 otl'e-

2420 1288 2605 1352 runt,
2639 1278 2738 1341 vel
2766 1278 3058 1342 sacrificio
3097 1278 3436 1352 intersunt3
3483 1299 3621 1340 cum
3662 1298 3806 1339 vero
3850 1289 3975 1339 tam

2423 1373 2597 1435 multi
2626 1373 2859 1435 Fideles
2882 1374 3002 1434 sint
3025 1420 3041 1446 ,
3076 1374 3181 1453 qui
3215 1373 3702 1455 neque-offerunt
3726 1418 3742 1445 ,
3779 1390 3979 1452 neque

2422 1471 2678 1543 adsunt,
2724 1491 2828 1529 net·
2872 1471 3006 1547 poni
3046 1479 3291 1547 possunt
3335 1469 3437 1527 uhi
3487 1467 3975 1527 commemoratio

2424 1563 2494 1625 fit
2524 1583 2632 1643 pro
2664 1565 2956 1625 defunctis
2984 1611 2998 1633 ‚
3048 1565 3210 1641 quod
3262 1565 3525 1623 notulam
3571 1585 3641 1621 ex
3695 1563 3803 1621 hac
3851 1563 3973 1623 vita

2424 1659 2762 1739 migrarint,
2796 1679 3050 1735 cumque
3082 1679 3188 1737 pro
3215 1659 3310 1717 his.
3341 1659 3519 1717 ctiam
3547 1659 3841 1717 orandum
3873 1659 3969 1729 sit,

2426 1763 2738 1831 propterea
2764 1753 3150 1813 destinandus
3172 1753 3291 1811 illis
3317 1763 3441 1811 erat
3471 1753 3651 1819 locus,
3681 1755 3783 1831 qui
3821 1755 3973 1811 idem

2428 1847 2532 1907 ille
2558 1855 2676 1919 est,
2716 1847 2788 1907 de
2820 1867 2940 1923 quo
2980 1867 3136 1905 nunc
3168 1849 3433 1923 agimus:
3467 1867 3791 1923 «vinumque
3825 1847 3881 1905 in
3917 1847 3983 1905 il-

2428 1941 2502 2001 lis
2532 1943 2732 2001 verbis
2758 1943 3138 2001 continentur
3166 1943 3217 1999 E
3225 1955 3239 1997 1
3267 1945 3517 1999 <mmmm
3547 1943 3871 1997 calamistris
3897 1955 3983 1999 (ιι-

2432 2057 2534 2114 φιε
2560 2035 2878 2096 Catholicae·
2900 2047 2946 2094 (Ἰ
2976 2035 3319 2114 .-1ρυ.·,εΙοὶ-ἱ(·ασ
3349 2035 3503 2092 Fidei
3523 2037 3849 2092 vulturibus.
3883 2037 3983 2094 Vi-

2430 2132 2504 2192 de
2532 2132 2884 2192 Menardutn
2922 2130 2982 2188 in
3020 2132 3168 2189 Nota
3204 2138 3295 2188 19.
3327 2130 3397 2188 ad
3433 2130 3977 2190 Savranwntariutn

2432 2226 2492 2284 S.
2524 2226 2828 2306 Gregorii,
2864 2226 3038 2284 (larii.
3078 2228 3301 2282 Bonam
3333 2224 3439 2282 lor.
3473 2224 3571 2282 rit.
3609 2246 3773 2282 inum.
3807 2230 3859 2284 s't.
3905 2228 3983 2284 Lu.

2435 2320 2596 2380 Brun
2624 2330 2764 2380 tom.
2792 2326 2842 2378 1.
2876 2340 3006 2398 pag.
3042 2324 3170 2378 421.
3192 2328 3251 2378 ot
3275 2320 3543 2378 Natalem
3573 2320 3981 2378 Alexandrum

2434 2414 2714 2492 leolcg.
2738 2416 2996 2492 dogmat.
3024 2424 3082 2472 et
3108 2412 3317 2473 moral.
3345 2414 3415 2472 de
3433 2416 3691 2472 Sat-ram.
3717 2414 3975 2472 Euchar-

2434 2512 2540 2570 lib.
2578 2518 2634 2568 2.
2668 2531 2794 2588 cap.
2840 2518 2894 2568 T.
2938 2520 3048 2570 art.
3096 2518 3150 2568 5.
3190 2530 3353 2568 num.
3397 2516 3487 2566 15.

2550 2610 2606 2664 8.
2652 2604 2978 2684 Postquam
3022 2606 3213 2664 oravit
3249 2604 3533 2662 Sacerdos
3566 2622 3673 2681 pro
3719 2604 3979 2664 Ecclesia

2434 2705 2637 2757 sancta
2662 2698 2964 2758 Catholica
2993 2742 3008 2770 ,
3044 2714 3155 2776 pro
3182 2700 3344 2775 Papa
3370 2741 3387 2766 ,
3420 2713 3530 2776 pro
3567 2696 3863 2775 Episcopo
3881 2739 3898 2767 ,
3928 2702 3989 2756 et

2434 2789 2795 2870 quibusdam
2819 2791 2883 2851 in
2908 2790 3052 2851 locis
3092 2808 3202 2869 pro
3230 2790 3389 2870 Rege
3412 2833 3428 2860 ,
3462 2807 3532 2849 ac
3558 2806 3669 2867 pro
3699 2788 3983 2849 omnibus

2439 2882 2757 2945 Catholicis
2779 2930 2794 2955 ,
2814 2900 2817 2903 ’
2827 2902 2945 2964 pro.
2961 2883 3040 2944 iis
3060 2883 3253 2964 pergit
3281 2901 3457 2944 orare
3484 2928 3500 2954 ,
3531 2882 3759 2962 quibus
3788 2881 3987 2943 Sacri*

2435 2974 2554 3039 ficii
2584 2977 2847 3039 fructum
2870 2977 3172 3059 applicare
3192 2977 3473 3049 intendit,
3498 2995 3761 3056 quorum
3784 2984 3984 3037 tamen

2438 3071 2687 3135 nomina
2711 3092 2853 3134 voce
2883 3093 3003 3134 non
3041 3072 3419 3152 pronunciat,
3452 3071 3555 3132 sed
3577 3090 3677 3132 eas
3707 3086 3991 3151 personas

2438 3176 2775 3250 praesentes
2802 3169 3006 3230 animo
3036 3168 3220 3230 habet
3248 3188 3263 3227 ε
3295 3160 3578 3228 Memento
3615 3166 3848 3226 Domine
3897 3166 3988 3244 sa-

2438 3265 2723 3324 mulcrum
2748 3263 3203 3340 famularumque
3234 3272 3467 3322 mamm
3489 3282 3512 3328 ,⁰
3540 3278 3610 3321 ac
3637 3277 3747 3338 pro
3781 3259 3856 3319 iis
3884 3258 3987 3319 iti-

2439 3356 2576 3417 dem
2604 3363 2737 3417 orat
2766 3355 2872 3435 qui
2915 3354 3220 3416 Sacrificio
3262 3354 3600 3424 intersunt,
3644 3362 3697 3411 ct
3739 3353 3991 3412 omnium

2440 3453 2927 3512 circumstantium
2951 3496 2968 3519 ,
3006 3468 3113 3528 pro
3155 3449 3357 3526 quibus
3400 3448 3505 3505 tibi
3541 3436 3823 3526 offerimus
3847 3492 3864 3515 ,
3908 3445 3994 3505 ccl

2440 3547 2543 3625 qui
2573 3546 2677 3604 tien·
2700 3542 2937 3624 offerunt
2966 3544 3064 3602 hoc
3090 3542 3433 3622 sacrificium
3462 3541 3671 3600 laudis.

2560 3644 2617 3698 9.
2645 3635 2931 3698 Formula
2961 3634 3244 3716 precandi
3272 3628 3375 3715 per
3398 3633 3654 3694 verbum
3680 3632 3834 3694 illud
3858 3632 3990 3693 Mc-

2440 3744 2622 3793 mcnto
2657 3739 2943 3804 consonat
2978 3749 3115 3791 cum
3157 3747 3326 3801 sacra
3369 3727 3706 3808 Scriptura;
3752 3727 3991 3790 Psalmo

2440 3825 2603 3886 enim
2651 3829 2784 3886 105.
2810 3822 3070 3885 habetur
3095 3842 3112 3881 :
3138 3821 3422 3883 Memento
3442 3823 3622 3880 nostri
3661 3820 3899 3880 Domitio
3930 3822 3995 3880 in

2441 3921 2775 3998 beneplacito
2785 3916 2998 3997 Populi
3021 3918 3127 3976 tui.
3144 3916 3215 3977 Iu
3234 3915 3348 3976 bac
3360 3914 3664 3977 Orationis
3681 3914 3849 3975 illius
3861 3933 4004 3995 par-

2442 4021 2502 4074 te
2532 4010 2817 4074 Sacerdos
2854 4017 2988 4073 orat
3030 4029 3141 4090 pro
3163 4009 3318 4071 vivis
3362 4008 3530 4090 (nam
3568 4027 3678 4088 pro
3700 4008 3998 4069 defunctis

2442 4105 2591 4168 alibi
2623 4103 2736 4177 fit,
2770 4113 2839 4165 ut
2863 4124 2973 4166 suo
3000 4103 3130 4166 loco
3159 4103 3423 4165 dicemus
3448 4149 3465 4177 ,
3498 4103 3822 4184 praecipua
3841 4121 3999 4162 com·

2446 4199 2837 4281 memoratio)
2860 4219 2972 4280 pro
2987 4199 3111 4261 illis
3127 4199 3413 4261 ‘videlicet
3438 4217 3550 4279 pro
3568 4198 3796 4278 quibus
3820 4195 3892 4256 fit
3910 4215 4001 4257 sa-

2442 4293 2775 4373 crificium,
2808 4301 2952 4374 puta
2984 4294 3048 4355 in
3089 4293 3542 4356 Parochialibus
3568 4290 3846 4352 Ecclesiis
3886 4307 3999 4369 pro

2446 4389 2575 4470 ejus
2591 4388 2919 4450 Parochiae
2934 4388 3164 4468 Populo
3186 4433 3202 4460 ,
3236 4406 3346 4467 pro
3368 4387 3443 4447 iis
3464 4385 3572 4466 qui
3594 4383 3992 4446 celebrandae

2446 4481 2661 4544 Missae
2679 4486 2929 4564 ejusque
2953 4481 3145 4544 fructu
3171 4479 3526 4562 applicando
3556 4479 3999 4560 eleemosynam

2446 4575 2833 4638 contulerunt
2854 4571 2889 4649 ,⁸
2910 4596 2981 4639 ac
3016 4596 3124 4657 pro
3157 4576 3231 4636 iis
3256 4621 3273 4647 ,
3315 4594 3424 4655 pro
3455 4573 3681 4654 quibus
3713 4572 4002 4634 Sacerdos

2449 4670 2804 4743 nominatim
2818 4689 2993 4731 orare
3005 4668 3282 4741 intendit,
3296 4687 3407 4748 pro
3430 4665 3662 4748 parenti
3670 4667 3785 4730 bus
3803 4685 4001 4728 exem-

2446 4762 2533 4845 pli
2548 4782 2749 4836 causa,
2785 4759 3243 4845 consanguineis
3267 4807 3285 4835 ,
3317 4761 3548 4836 amicis,
3578 4760 3868 4842 aliisque,
3894 4759 4005 4842 qui

2446 4875 2510 4917 se
2552 4857 2681 4938 ejus
2725 4856 3001 4936 precibus
3041 4856 3624 4931 commendaverint,
3648 4876 3720 4919 ac
3738 4854 4005 4937 denique

2448 4967 2560 5030 pro
2578 4948 3104 5011 circumstantibus
3126 4949 3431 5012 omnibus.
3559 4997 3560 5005 κ
3756 4977 3758 4981 ’

2570 5047 2665 5103 10.
2691 5043 3054 5109 Adnotanda
3082 5044 3381 5124 quaedam
3422 5042 3657 5104 suntad
3682 5061 3754 5103 ea
3774 5042 3961 5102 verba
3982 5085 4001 5113 ,

2422 5155 2551 5216 ,pro
2580 5138 2780 5215 quibus
2807 5138 2909 5196 tibi
2941 5136 3261 5218 offerimus,
3288 5138 3375 5196 vel
3394 5137 3496 5214 qui
3517 5136 3620 5195 tibi
3641 5135 3880 5216 offerunt
3903 5136 4013 5195 hoc-

2346 5288 2350 5295 ,
2452 5229 2816 5311 Sacrificium
2837 5277 2853 5300 ,
2880 5238 3008 5290 tum
3039 5237 3109 5290 ut
3128 5228 3496 5308 explicemus
3527 5227 3676 5308 quid
3699 5227 3858 5289 illud
3881 5229 3959 5291 sit
3984 5274 4001 5302 ,

2448 5323 2615 5403 quod
2636 5321 2926 5384 Sacerdos
2960 5339 3081 5382 non
3122 5319 3301 5381 modo
3345 5339 3409 5381 se
3439 5319 3815 5382 Sacrificium
3840 5364 3857 5394 ,
3897 5310 4001 5382 sed
4042 5290 4082 5376 ἦ

2449 5415 2633 5500 etiam
2652 5414 3101 5482 circumstantes
3112 5412 3268 5477 dicit
3280 5413 3521 5487 offerre,
3535 5420 3666 5476 tum
3682 5421 3755 5477 ut
3766 5431 4012 5478 msam

4020 2615 4086 2656 De
4120 2611 4323 2672 reliquis,

4026 2683 4119 2771 ΕΞ.
4166 2672 4327 2772 2322?

4032 3726 4137 3758 nuo
4247 3726 4329 3758 son

4032 3775 4178 3841 <patio
4248 3784 4332 3831 po

4035 3842 4150 3875 vum.

4046 5043 4335 5162 ιιῗξξέἵὲζζὶῗῖ

4042 5157 4117 5226 bns
4136 5160 4209 5202 tibi
4226 5161 4332 5206 offe-

4049 5231 4227 5318 ‘Yth
4270 5218 4335 5322 'f'

4084 5340 4199 5376 mm·
