4487 6316
3431 568 3546 621 xxt

726 696 859 779 Ego
896 701 1176 766 Alfonsus
1206 708 1330 767 Rex
1365 706 1607 791 l‘ortng.
1716 722 1721 731 ²
2031 723 2035 727 ’
2383 713 2665 776 Alfonsus
2692 714 2908 776 Menon
2945 712 3132 793 praes.
3172 710 3342 774 [Tliss.

724 792 758 850 .Ι
823 793 1077 858 Colimb.
1118 799 1387 883 Epist-op.
2385 808 2785 870 Gondisalvus
2810 808 2886 868 de
2911 809 3098 868 Sousa
3132 826 3370 887 procur.
3407 806 3631 867 Visien.

729 886 783 945 J.
826 889 1215 983 Bracbarens.
1255 897 1507 979 Metrop.
2389 900 2662 984 Pelagius
2689 902 2905 963 Menen
2933 920 3171 983 procur.
3214 901 3368 960 imn.

726 980 795 1040 T.
833 982 1026 1045 Prior.
1556 996 1559 999 '
2390 998 2541 1057 Suer
2570 996 2791 1058 Martin
2829 1003 3129 1076 procurat.
3160 993 3417 1055 Colimb.

730 1075 1146 1144 Ferdinandus
1180 1084 1337 1146 Petri
1362 1085 1578 1149 Curiae
1608 1088 1803 1170 napis.
2380 1091 2712 1152 Menendus
2745 1088 2905 1152 Petri
2933 1109 3044 1170 pro
3071 1089 3359 1172 Magistro
3384 1087 3651 1151 Alberto.

727 1169 939 1233 Petrus
968 1174 1183 1238 Palatii
1220 1180 1437 1244 Curiae
1468 1182 1737 1265 signifer.
2381 1184 2557 1267 Regis
2589 1182 2979 1248 Cancellario.

730 1263 1012 1329 Velascus
1038 1271 1257 1335 Sancii.

647 1448 739 1511 Ex
772 1451 961 1516 relato
992 1456 1381 1537 Juramento,
1429 1463 1489 1525 in
1532 1485 1656 1546 quo
1691 1464 1958 1549 inclytus
1992 1466 2276 1531 Alfonsus
2313 1466 2597 1530 idiomate
2638 1465 2854 1555 Latino
2886 1464 3107 1559 Christi
3141 1465 3578 1549 apparitionem
3612 1474 3733 1528 tam

516 1554 795 1607 accurate
835 1552 1161 1630 expressit,
1198 1555 1506 1620 evidenter
1546 1560 2023 1635 demonstratur,
2062 1561 2449 1643 quantumin
2484 1561 2668 1624 sacris
2696 1560 3046 1634 Codicibus‚
3075 1581 3229 1642 quos
3260 1580 3460 1621 seeum
3501 1580 3733 1640 semper

518 1632 783 1700 babebat
802 1687 818 1713 ,
851 1652 909 1703 et
940 1664 1202 1724 quorum
1246 1648 1483 1713 lectioni
1514 1652 1694 1716 etiam
1730 1654 1792 1715 in
1822 1656 2045 1717 Castris
2080 1658 2367 1732 vacabat,
2397 1657 2535 1739 pius
2565 1660 2693 1719 Rex
2718 1663 2870 1718 esset
2892 1665 3194 1717 versatus:
3224 1667 3294 1717 ut
3327 1655 3558 1717 notavit
3584 1655 3733 1716 Illu-

519 1730 849 1795 strissimus
888 1739 958 1798 D.
1008 1740 1418 1828 Hieronymus
1452 1748 1701 1811 Osorius
1726 1749 2052 1833 Episcopus
2091 1751 2502 1835 Algarbiensis
2538 1753 2633 1812 lib.
2667 1758 2727 1813 6.
2759 1753 2824 1812 de
2858 1753 3023 1831 Reqis
3063 1751 3457 1821 Institutione,
3489 1761 3538 1810 et
3566 1753 3735 1811 disci-

514 1825 701 1903 plina.
741 1827 850 1890 Ubi
880 1831 1132 1898 laudans
1156 1839 1440 1921 antiquos
1468 1843 1811 1907 Lusitaniae
1840 1844 2177 1927 Principes,
2204 1846 2311 1927 qui
2344 1846 2713 1927 temporibus
2739 1845 2861 1906 illis
2890 1843 3152 1918 incultis,
3190 1844 3255 1905 in
3278 1845 3505 1924 quibus
3527 1846 3734 1907 omnia

520 1919 827 1996 praeclara
870 1929 1068 1994 studia
1108 1934 1339 2014 sepulta
1384 1958 1509 1999 esse
1552 1937 1944 2014 videbantur,
1992 1941 2249 2003 multum
2281 1951 2479 2004 tamen
2510 1940 2820 2023 legebant,
2856 1948 2917 2000 et
2953 1939 3015 2000 in
3041 1938 3258 2000 Literis
3289 1938 3474 2001 sacris
3497 1959 3734 2000 summo

520 2014 724 2076 studio
753 2022 1148 2086 versabantur
1169 2073 1184 2099 ,
1214 2026 1296 2089 ita
1320 2041 1388 2091 ut
1412 2030 1463 2092 si
1494 2031 1641 2112 quid
1670 2035 1749 2095 ab
1774 2033 1893 2094 illis
1921 2032 2513 2097 latine'seribendum
2540 2043 2725 2107 esset,
2756 2034 2964 2094 eodem
2993 2032 3172 2114 Plane
3195 2031 3351 2115 Slle
3379 2033 3730 2105 scriberent,

514 2108 757 2172 subdit:
820 2114 976 2176 l'ctut
1019 2120 1147 2180 Rex
1182 2122 1505 2204 Alphonsus
1544 2126 1810 2201 Primus,
1839 2130 2024 2209 Requi
2049 2131 2218 2210 hujus
2250 2130 2523 2191 Conditor
2545 2176 2561 2200 ,
2601 2130 2761 2207 eujm
2787 2127 3004 2189 Divina
3031 2130 3212 2187 virtus
3239 2148 3368 2188 cum
3402 2130 3736 2189 adiriirabili

515 2205 796 2282 sapientia
827 2213 1124 2291 conjuncta
1149 2264 1165 2287 ,
1206 2221 1403 2280 merito
1430 2233 1508 2282 est
1538 2224 1601 2281 in
1635 2226 1792 2283 omni
1815 2226 2145 2286 aeternitate
2171 2226 2503 2286 celebranda
2532 2260 2767 2283 ......
2799 2224 2885 2283 ita
2915 2231 3101 2283 tanuen
3125 2233 3191 2283 ut
3217 2234 3524 2302 appareat,
3568 2226 3738 2284 illum

516 2315 593 2354 ex
620 2304 827 2362 sanctis
866 2305 1074 2369 Lite-ris
1103 2332 1215 2370 non
1244 2315 1466 2374 cit-endi
1492 2326 1714 2378 tantum
1750 2319 2142 2398 disciplinam,
2181 2322 2276 2380 sed
2312 2321 2535 2402 dicendi
2560 2320 2731 2379 etiam
2755 2318 3000 2398 stylum,
3033 2327 3082 2376 et
3111 2320 3387 2376 rationem
3411 2322 3730 2398 percepisse.

520 2388 685 2453 llaec
712 2396 953 2461 Tullius
989 2404 1328 2469 Lusitanus.
1362 2413 1642 2474 Attamen
1680 2433 1802 2475 non
1837 2413 2187 2488 inficiabor,
2224 2434 2351 2476 esse
2385 2414 2447 2475 in
2482 2414 2641 2474 dicto
2667 2413 3019 2473 Juramento
3053 2409 3260 2490 aliqua
3295 2412 3495 2472 minus
3523 2414 3735 2475 Latine

518 2483 714 2563 dicta,
752 2502 812 2554 et
846 2514 882 2557 a
920 2497 1361 2566 Grammaticae
1414 2504 1649 2588 legibus
1681 2507 2010 2588 aliquando
2043 2508 2427 2582 aberrantia3
2464 2527 2622 2589 quae
2645 2507 2907 2568 Joannes
2939 2505 3250 2567 Caramuel
3288 2506 3364 2566 ad
3400 2507 3732 2587 marginem

519 2585 751 2646 notavit
785 2588 988 2670 (quod
1025 2614 1132 2656 nos
1165 2597 1348 2661 etiam
1372 2599 1649 2685 fecimus)
1684 2602 1786 2663 sed
1815 2601 2077 2664 litteram
2112 2623 2236 2663 non
2271 2602 2565 2676 correxit,
2597 2620 2706 2663 nec
2729 2619 2911 2662 ausus
2937 2609 3025 2661 est
3052 2600 3408 2674 emendare3
3440 2610 3504 2662 ut
3543 2622 3733 2684 nuper

520 2671 659 2737 fecit
695 2700 1027 2760 nonnemo,
1058 2689 1161 2751 sed
1197 2692 1396 2754 minus
1422 2695 1828 2771 oensiderate3
1865 2696 2012 2778 quia
2044 2695 2109 2757 in
2144 2695 2330 2757 simili
2366 2694 2618 2759 materia
2644 2692 2842 2756 omnis
2874 2691 3162 2755 eorrectio
3189 2701 3279 2756 est
3303 2695 3645 2777 corruptio,
3673 2707 3736 2760 et

520 2777 717 2834 textus
738 2776 1119 2843 adulteratio.

637 2869 835 2953 Hujus
859 2873 892 2934 J
899 2879 1195 2941 uramenti
1222 2883 1676 2966 Autographum
1699 2906 1835 2947 cnm
1847 2885 2095 2968 Sigillis,
2118 2894 2178 2947 et
2199 2882 2741 2964 subscriptionibus
2756 2881 3192 2954 Praelatorum‚
3215 2889 3276 2943 et
3297 2881 3621 2946 Procerum
3643 2897 3730 2949 to-

519 2959 639 3023 tius
666 2965 892 3046 Regni,
930 2981 1094 3035 extat
1118 2973 1180 3035 in
1208 2977 1471 3040 Archivo
1496 2980 1663 3064 Regii
1698 2981 1981 3043 Coenobii
2011 2979 2357 3041 Alcobatiae
2379 2976 2776 3038 illustrissimi
2818 2975 3065 3038 Ordinis
3097 2975 3533 3052 cisterciensiS,
3570 2982 3734 3044 unde

518 3052 670 3118 illud
706 3065 1210 3147 transcripserunt
1239 3073 1579 3136 Bernardus
1604 3076 1679 3138 de
1702 3077 1867 3138 Brito
1888 3080 1953 3137 in
1984 3075 2269 3137 Chronica
2299 3072 2657 3134 Cisterciensi
2675 3074 2771 3131 lib.
2807 3077 2862 3132 3.
2894 3090 3018 3151 cap.
3059 3075 3115 3130 3.
3140 3070 3439 3132 Antonius
3461 3074 3729 3139 Brundu-

517 3168 634 3212 nus
680 3156 743 3214 in
783 3157 1130 3227 Manat-chia
1176 3165 1459 3230 Lusitana
1494 3176 1550 3231 3.
1581 3191 1715 3252 par.
1753 3173 1849 3232 tib.
1904 3176 1996 3232 10.
2036 3191 2158 3251 cap.
2198 3177 2255 3231 5.
2296 3171 2508 3231 Petrus
2534 3167 2609 3229 de
2641 3166 2850 3229 Mariz.
2895 3169 2960 3227 in
3001 3167 3168 3226 varia
3208 3165 3475 3228 Historia
3518 3169 3734 3249 Requm

515 3242 914 3328 Portuqatliae
948 3254 1176 3338 Diatoq.
1218 3265 1277 3321 2.
1325 3283 1450 3343 cap.
1493 3270 1549 3324 5.
1591 3264 1889 3327 Antonius
1931 3263 2004 3326 de
2046 3265 2234 3327 Sousa
2278 3265 2353 3326 de
2385 3263 2631 3325 Macedo
2672 3264 2737 3322 in
2771 3259 3078 3322 Lusitania
3112 3261 3351 3322 liberata
3378 3268 3634 3341 praemio
3665 3271 3725 3327 2.

512 3335 579 3421 §-
618 3344 676 3400 2.
729 3343 909 3407 Faria
942 3350 1006 3407 in
1044 3349 1474 3416 Commentariis
1510 3355 1825 3419 Lusiadum
1870 3357 2042 3420 Cant.
2084 3365 2141 3422 3.
2188 3362 2405 3421 stantia
2439 3362 2537 3420 54.
2577 3357 3034 3439 Chrysostomus
3076 3354 3425 3435 Henriquez
3465 3360 3531 3418 in
3562 3361 3734 3438 fasci-

511 3435 640 3493 culo
684 3435 1029 3503 Sanctorum
1068 3444 1307 3509 Ordinis
1339 3449 1720 3513 Cal-sterciensis
1750 3455 1846 3514 lib.
1892 3458 1946 3515 1.
1987 3456 2117 3515 dist.
2150 3458 2208 3516 t.
2241 3475 2366 3535 cap.
2404 3459 2462 3515 9.
2503 3451 2770 3534 Angelus
2796 3449 3148 3529 manriquez
3182 3452 3247 3509 i'n
3278 3449 3599 3514 Annalibus
3629 3454 3733 3517 ci-

512 3532 896 3595 sterciensibus
929 3558 1080 3600 anno
1108 3529 1328 3605 Christi
1360 3550 1532 3608 11t2.
1573 3569 1697 3628 cap.
1734 3553 1790 3610 3.
1835 3549 2091 3610 Iacobus
2117 3548 2341 3611 valdee
2367 3550 2432 3609 de
2464 3549 2739 3627 diqnitate
2774 3545 3095 3627 Hispaniae
3127 3565 3253 3625 cap.
3300 3550 3396 3607 15.
3427 3567 3584 3609 num.
3626 3555 3726 3611 22.

517 3620 793 3704 Mayolus
827 3629 1069 3692 Dierum
1107 3633 1547 3700 Cunicularium
1586 3652 1716 3701 tom.
1751 3648 1809 3703 5.
1842 3645 2115 3722 colloquio
2143 3651 2200 3705 5.
2233 3644 2300 3704 de
2326 3644 2691 3722 diqnitatum,
2731 3661 2799 3703 ae
2823 3641 3126 3701 sessionum
3152 3639 3502 3721 differentiis.
3546 3643 3731 3707 Joan-

514 3733 619 3777 noe
656 3720 921 3802 Baptista
964 3727 1181 3812 Birago
1222 3735 1571 3797 nelt‘istoria
1616 3738 1680 3796 di
1726 3736 2054 3817 Portoqalto
2091 3740 2189 3799 lib.
2243 3744 2297 3799 1.
2336 3737 2680 3818 Alphonsus
2726 3734 2939 3797 Loschi
2986 3737 3050 3794 in
3087 3733 3424 3815 compendio
3468 3737 3730 3800 histon'co

515 3809 726 3874 Dmnus
766 3816 1103 3885 Ausa-iacun
1136 3847 1270 3906 paq.
1315 3834 1413 3890 75.
1456 3831 1756 3893 Antonius
1796 3832 1991 3895 Maria
2034 3833 2293 3895 Bonueei
2334 3835 2395 3893 in
2433 3833 2562 3894 Vita
2587 3833 2828 3911 ejusdem
2856 3832 3020 3910 Reyis
3054 3832 3150 3890 tib.
3183 3835 3241 3890 2.
3277 3852 3401 3914 cap.
3450 3838 3508 3893 2.
3543 3835 3722 3897 Cara-

516 3909 674 3970 muel
713 3913 777 3971 in
824 3914 1094 3998 Philippo
1127 3923 1500 3986 demonstrato
1537 3929 1634 3987 tib.
1676 3933 1734 3988 2.
1774 3929 1918 4008 disp.
1963 3931 2017 3988 1.
2066 3939 2181 3989 art.¹
2221 3933 2281 3988 7.
2329 3948 2488 3987 num.
2528 3931 2628 3987 21.
2668 3947 2797 3987 cum
2838 3926 3207 4005 sequentibus.

635 4002 938 4069 Hactenus
978 4011 1272 4093 Iosephus
1315 4017 1489 4080 Pinto
1511 4066 1526 4092 ,
1572 4020 1679 4100 qui
1721 4020 2114 4101 pluroe··alios
2152 4025 2440 4084 Auctores
2476 4021 2655 4094 citat,
2697 4038 2959 4100 quorum
2993 4019 3264 4080 omnium
3298 4028 3416 4081 tres
3436 4020 3716 4103 seligam,

513 4094 667 4158 duos
694 4109 931 4165 exteros
952 4151 968 4179 ,
1000 4125 1189 4168 unum
1220 4111 1596 4174 Lusitanum.
1635 4114 1976 4177 Postremus
2003 4115 2102 4178 hic
2135 4117 2400 4179 hostium
2435 4134 2757 4176 numerum
2784 4114 3061 4175 distincte
3094 4114 3378 4195 exprimit
3405 4136 3423 4188 ;
3463 4116 3626 4195 quod
3669 4117 3720 4178 si

513 4209 635 4251 non
672 4205 833 4258 certo
870 4212 1128 4276 constet,
1168 4214 1398 4268 constat
1435 4217 1634 4270 tamen
1678 4209 1861 4271 fuisse
1896 4230 2032 4272 cum
2061 4205 2266 4273 nostro
2299 4210 2575 4273 exercitu.
2596 4209 2766 4270 nulla
2792 4207 3027 4270 ratione
3064 4208 3558 4288 comparandum.
3599 4211 3721 4276 Ad-

512 4283 652 4345 dam
704 4286 949 4371 insuper
983 4294 1392 4377 Antipbonam
1429 4310 1488 4362 et
1516 4302 1849 4365 orationem
1881 4304 1946 4364 iu
1989 4305 2409 4386 antiquissimo
2456 4304 2670 4366 Codice
2703 4311 3002 4383 repertam
3030 4348 3046 4376 ,
3086 4311 3146 4363 et
3181 4305 3260 4364 ab
3300 4303 3511 4365 eodem
3545 4305 3722 4368 Pinto

510 4378 756 4443 allatam
794 4405 929 4468 pag.
974 4394 1112 4450 216.
1149 4390 1211 4451 in
1248 4413 1370 4475 qua
1396 4381 1605 4458 eadem
1649 4398 1909 4460 refertur
1942 4399 2183 4461 Domini
2212 4420 2355 4482 erga
2391 4399 2708 4460 Lusitanos
2733 4397 3068 4459 clementia.
3671 4433 3692 4452 2

630 4475 935 4543 Navarrus
972 4486 1034 4544 in
1060 4485 1372 4549 Retectione
1402 4488 1545 4570 Cap.
1580 4492 1775 4554 Novit.
1810 4495 1874 4554 de
1900 4492 2147 4554 Iudiciis
2171 4543 2188 4566 ,
2217 4495 2406 4555 notab.
2442 4500 2499 4555 3.
2532 4513 2689 4553 num.
2725 4496 2859 4553 149.
2894 4492 3147 4572 loquens
3184 4492 3259 4553 de
3297 4492 3520 4574 Regnis
3546 4494 3720 4555 Lusi-

512 4568 711 4630 taniae
729 4616 746 4644 ,
779 4572 1140 4655 Hispaniae,
1177 4579 1443 4657 Galliae,
1475 4592 1536 4646 et
1560 4584 1952 4661 Germaniae,
1985 4587 2068 4649 ita
2102 4587 2339 4670 inquit:
2371 4587 2530 4649 Haec
2555 4588 2751 4668 Reqna
2776 4635 2792 4659 ,
2820 4586 3069 4667 Imperia
3091 4635 3106 4658 ,
3138 4588 3329 4646 omnia
3354 4598 3488 4647 sunt
3514 4608 3720 4668 appro-

508 4661 641 4724 bata
661 4686 766 4744 per
796 4667 1112 4732 Ecclesiam
1145 4677 1466 4738 universam
1496 4721 1512 4738 .
1539 4721 1561 4746 .,
1584 4722 1599 4739 .
1629 4722 1646 4739 .
1678 4723 1693 4739 .
1726 4681 1918 4741 immo
1944 4727 1961 4754 ,
1997 4688 2058 4742 et
2096 4681 2307 4743 eorum
2352 4682 2600 4763 aliquod
2634 4701 2741 4763 per
2786 4683 2978 4742 Deum
3022 4680 3334 4761 Optimum
3380 4682 3716 4744 Maximum

506 4763 1046 4837 supernaturaliter
1064 4812 1082 4839 ,
1127 4776 1195 4828 ut
1241 4770 1354 4832 hoe
1379 4765 1867 4836 florentissimum
1894 4757 2253 4838 ‘Lusitaniae
2278 4796 2387 4858 per
2413 4775 2684 4857 quinque
2722 4773 2941 4835 Christi
2980 4772 3271 4854 Stigmata
3298 4774 3445 4834 Divo
3473 4774 3721 4836 Alfonso

507 4846 690 4931 hujus
726 4857 1021 4932 nominis,
1058 4870 1118 4922 et
1152 4864 1427 4927 omnium
1457 4868 1689 4950 Regum
1729 4870 2155 4933 Lusitanorum
2200 4870 2406 4931 Primo
2442 4868 2733 4930 divinitus
2762 4865 2945 4949 (quae
2973 4865 3191 4948 Divina
3214 4866 3544 4929 Clementia
3572 4868 3716 4950 suit)

505 4953 742 5010 ostensa
767 4995 785 5021 ,
830 4961 892 5014 et
935 4953 999 5014 in
1044 4956 1313 5039 Insignia
1346 4962 1532 5044 Regia
1569 4964 1788 5046 insigni
1824 4965 2044 5046 pietate
2076 4965 2139 5026 in
2174 4971 2490 5027 aeternum
2532 4960 2809 5042 suscepit·

631 5042 842 5106 Bozius
880 5049 945 5108 de
995 5049 1192 5130 Siquis
1236 5053 1521 5118 Ecclesiae
1569 5068 1698 5119 tom.
1732 5064 1790 5119 2.
1826 5061 1923 5120 lib.
1961 5064 2052 5119 17.
2092 5080 2216 5140 cap.
2259 5062 2317 5117 7.
2364 5056 2646 5117 Alsonsus
2673 5054 3078 5138 Portugalliae
3117 5057 3241 5117 Rex
3287 5053 3526 5115 Primus
3558 5058 3714 5136 patri

507 5133 770 5200 Henrieo
809 5144 1088 5207 successit
1125 5166 1287 5209 anno
1341 5149 1657 5214 millesimo
1692 5152 2013 5214 eentoeimo
2054 5149 2429 5213 duodecimo.
2484 5149 2600 5211 Hic
2631 5149 3058 5211 commissurus
3098 5146 3393 5229 praelium
3430 5148 3717 5210 adversus

507 5229 780 5312 quinque
819 5235 1255 5303 Saracenorum
1284 5244 1473 5326 Reges
1493 5290 1510 5318 ,
1553 5266 1690 5307 eum
1745 5246 1976 5327 trepido
2002 5265 2250 5326 prorsus
2282 5244 2487 5306 animo
2526 5252 2719 5318 esset,
2763 5243 3151 5306 confirmatus
3189 5251 3278 5303 est
3310 5260 3348 5303 a
3381 5242 3618 5305 Christo
3651 5244 3715 5305 iu

505 5325 764 5399 somnis,
786 5329 1109 5413 jussusque
1136 5334 1201 5396 iu
1226 5337 1414 5398 aciem
1440 5339 1825 5414 descendere,
1863 5341 2237 5422 Signumque
2271 5338 2545 5402 attollere
2571 5385 2587 5412 ,
2624 5339 2721 5400 cui
2755 5338 3027 5419 quinque
3049 5337 3237 5417 ipsius
3261 5336 3534 5399 Vulnera
3559 5357 3718 5418 quae

506 5420 894 5495 ostendebat,
933 5426 1164 5507 depicta
1190 5437 1404 5491 essent.
1452 5430 1588 5512 Egit
1615 5432 1727 5495 hoe
1768 5434 2143 5516 Alphonsus,
2178 5440 2240 5493 et
2272 5431 2706 5493 nobilissimam
2750 5430 3062 5492 victoriam
3104 5428 3452 5510 reportavit.
3485 5431 3580 5492 Ex
3609 5428 3715 5492 illo

505 5517 739 5601 insigne
776 5522 1037 5603 Regibus
1068 5521 1394 5604 Portugall.
1433 5523 1547 5587 suit
1578 5527 1850 5609 quinque
1881 5528 2103 5592 Christi
2139 5525 2339 5609 Plagis
2364 5535 2645 5590 ornatum
2677 5525 2986 5588 vexillum.
