4487 6316
1838 533 2168 588 Arrtmntx
2204 535 2335 588 XXI.

459 676 640 739 nibus
675 677 1013 740 umnasticis
1041 678 1156 742 lili.
1194 685 1251 739 7.
1292 676 1541 759 disquis.
1585 684 1635 739 t.
1681 698 1815 759 pag.
1854 684 1991 738 705.

3365 529 3468 582 878

2117 680 2368 740 Concilii
2402 689 2638 742 mature
2666 680 3244 750 discussrmateria,
3277 679 3657 757 excussisque

460 774 540 834 ita
576 775 877 834 canonem
904 773 1184 853 explicui:
1215 774 1379 849 Quod
1406 785 1593 835 autem
1620 773 1889 832 debilibus
1914 774 2004 832 laic
2112 774 2446 835 Antoribus
2482 773 2754 857 allegatis
2792 795 2829 836 a
2854 775 3074 846 Nobis,
3121 774 3186 835 in
3216 773 3361 834 folio
3401 771 3654 852 desuper

462 868 692 944 teyienus
719 870 980 927 baculam
1002 869 1285 946 indulyeri
1304 916 1317 936 ,
1343 871 1573 928 caeteris
1595 870 1813 944 neqari,
1838 868 1898 925 int
1921 869 2006 943 sae-
2113 869 2380 930 confecto
2400 915 2416 942 ,
2446 878 2505 930 et
2534 879 2674 931 tom.
2718 874 2775 930 4.
2807 868 3097 930 Thesaur.
3130 868 3325 930 Resol.
3358 867 3648 949 Congreg.

458 982 610 1020 ctum
635 977 695 1022 eo
723 964 913 1035 modo,
942 983 1052 1041 quo
1078 964 1142 1023 de
1175 962 1225 1021 Z
1230 964 1392 1022 cbiaa
1418 965 1610 1022 scribit
1644 961 2006 1021 Theodoretus

465 1058 526 1115 in
560 1057 811 1116 Philotlt.
843 1077 969 1137 cap.
994 1062 1091 1117 24.
1118 1068 1411 1137 postquam
1431 1068 1616 1118 autem
1649 1077 1759 1115 aon
1779 1056 2012 1135 permit-

465 1154 607 1210 tebat
637 1163 880 1211 senectus
900 1199 916 1221 ‚
949 1165 1012 1211 ut
1044 1154 1193 1212 circa
1220 1153 1528 1211 molestiam
1554 1163 1703 1211 stare
1725 1160 1901 1229 posset
1923 1168 2012 1209 as-

462 1246 621 1304 sidue
650 1290 666 1313 ,
703 1247 1144 1305 sustentaculum
1187 1248 1239 1304 ei
1258 1246 1581 1324 praestabat
1611 1245 1842 1304 Mculas
1866 1290 1882 1314 ,
1919 1244 2014 1303 cui

466 1339 708 1397 innixus
740 1337 1046 1397 Dominum
1079 1349 1128 1396 et
1160 1340 1428 1398 laudabat
1457 1352 1506 1396 et
1534 1339 1753 1397 orabat.
1795 1397 1799 1401 .

588 1432 726 1492 XX.
766 1433 842 1493 Et
867 1451 1042 1504 sane,
1075 1432 1124 1493 si
1157 1432 1351 1494 media
1379 1432 1581 1493 omnia
1607 1431 2007 1501 adhibentur,

467 1535 538 1586 ut
572 1526 858 1587 Sacerdos
897 1528 974 1588 ad
1017 1527 1232 1589 Missae
1272 1526 1732 1594 celebrationem
1776 1525 2015 1605 ineptus

465 1620 710 1680 effectus
733 1664 748 1691 ,
786 1619 1244 1700 dispensationis
1287 1620 1566 1681 remedio⁴
1590 1619 1666 1681 ad
1689 1637 1826 1680 eam
1858 1617 2012 1679 cele-

469 1714 763 1775 brandam
807 1714 1093 1776 reddatur
1124 1715 1408 1787 idoneuS,
1451 1714 1498 1775 si
1545 1722 1793 1775 conatus
1818 1710 2015 1772 omnis

470 1807 804 1868 intenditur
823 1813 845 1881 ,’
872 1817 938 1868 ut
965 1807 1318 1869 auferamur
1354 1807 1778 1887 impedimenta
1807 1806 2016 1867 Laicos

2117 983 2252 1045 pag.
2304 969 2435 1024 101.
2485 971 2543 1025 et
2581 983 2747 1045 seqq.
2790 964 2933 1025 edit.
2976 963 3188 1024 Urbiu.
3222 961 3489 1023 Par-ocho
3516 961 3656 1022 Flo-

2117 1058 2357 1119 rentino
2383 1075 2555 1120 caeco
2580 1059 2829 1120 omnino
2847 1107 2862 1128 ,
2892 1059 2995 1119 sed
3026 1077 3380 1142 magnorum
3412 1056 3657 1117 merito-

2119 1170 2256 1211 rum
2314 1151 2538 1213 intuitu
2590 1151 3173 1232 circumstantiarum
3231 1151 3537 1214 variarum
3593 1149 3659 1210 in

2090 1246 2250 1329 ‘ejus
2280 1245 2545 1307 favorem
2584 1247 3069 1310 concurrentium
3107 1245 3344 1307 licentia
3387 1264 3659 1306 concessa

2119 1347 2207 1398 est
2241 1339 2483 1401 Missam
2516 1339 2856 1402 celebrandi
2891 1341 3006 1401 sub
3047 1340 3379 1410 assistentia
3413 1338 3663 1404 alterius

2120 1432 2477 1494 Sacerdotis:
2520 1453 2697 1495 causa
2740 1434 2886 1495 baec
2919 1433 3218 1514 proposita
3247 1440 3335 1494 est
3361 1439 3418 1493 2.
3451 1435 3660 1512 Augu-

2120 1527 2193 1587 sti
2240 1533 2413 1588 1727.
2461 1539 2520 1590 et
2549 1529 2815 1610 ejusdem
2855 1527 3033 1600 anni,
3069 1527 3411 1607 mensisque
3432 1526 3530 1588 die
3556 1530 3653 1587 23.

2126 1621 2467 1707 terminata.
2515 1623 2720 1703 Neque
2763 1623 3093 1684 recentiora
3132 1622 3349 1684 desunt
3386 1619 3662 1701 exempla

2120 1715 2411 1777 similium
2443 1718 2910 1779 concessionum.

2239 1810 2444 1872 XXII.
2477 1812 2609 1872 Non
2638 1821 2726 1874 est
2747 1812 3104 1874 celebranda
3132 1810 3313 1873 Missa
3338 1817 3546 1891 operto
3564 1829 3666 1871 ca-

470 1922 507 1963 a
533 1904 1054 1967 §aeramentorum
1087 1902 1463 1982 perceptione
1503 1901 1790 1965 arcentia:
1831 1902 2012 1963 mira·
2060 1901 2076 1984 1
2124 1902 2264 1982 pite.
2298 1903 2570 1966 Canones
2609 1905 2668 1965 id
2708 1904 3094 1986 prohibentes
3136 1904 3377 1967 adducti
3418 1923 3453 1965 a
3482 1903 3668 1964 Nobis

473 1996 524 2056 ri
556 2015 732 2057 nemo
754 1996 962 2069 debet,
1007 1995 1057 2056 si
1088 2017 1205 2056 non
1237 1997 1432 2058 solum
1461 1995 1768 2077 aliquibus
1794 1997 2014 2076 pedum
2066 1989 2073 2082 ξ
2121 2006 2264 2057 sunt
2294 2001 2357 2056 ia
2402 1997 2801 2080 Notificatione
2830 2003 2922 2060 14.
2973 1998 3126 2059 Tmn.
3173 2003 3231 2058 2.
3264 2018 3406 2077 qaae
3449 2000 3544 2057 34.
3587 2006 3667 2057 est

470 2089 779 2150 debilitate
802 2089 1217 2151 laborantibus
1232 2091 1590 2152 concedatur
1609 2089 1860 2152 facultas
1876 2088 2017 2151 Mis-
2124 2088 2369 2153 Latinae
2413 2094 2675 2153 editionis
2701 2092 2768 2174 §-
2819 2097 2877 2153 2.
2909 2095 3045 2152 edit.
3076 2094 3242 2162 Ital„
3269 2091 3512 2152 Latinae
3539 2109 3668 2150 vero

470 2202 573 2245 sae
597 2183 966 2245 sedentariae
994 2185 1235 2246 Canone
1268 2194 1535 2265 excepto:
1573 2185 1674 2246 sed
1702 2185 1751 2246 si
1778 2183 2015 2266 dignio-
2125 2183 2276 2246 Sect.
2322 2191 2373 2247 1.
2413 2207 2575 2247 aum.
2613 2192 2712 2249 53.
2747 2188 2911 2249 Inter
2947 2187 3097 2249 alios
3122 2207 3267 2250 vero
3295 2186 3563 2248 Canones
3588 2186 3666 2247 ad

471 2277 640 2337 ribus
668 2278 963 2339 Ecclesiae
990 2278 1284 2340 Ministris
1311 2279 1617 2360 Episcopis
1662 2278 2014 2359 praesertim
2067 2277 2074 2400 ἰ
2124 2277 2385 2341 litteram
2435 2280 2500 2342 id
2542 2282 2726 2344 habet
2765 2283 2912 2352 Can.
2963 2284 3181 2345 Nullas
3222 2283 3566 2363 Episcopus,
3603 2282 3669 2342 ds

471 2374 677 2433 eadem
705 2374 932 2453 pedum
980 2373 1330 2435 infirmitate
1372 2373 1669 2454 oppressis
1706 2374 2017 2454 permitta-
2068 2407 2074 2454 ;
2127 2371 2451 2436 Consecrat.
2478 2378 2610 2438 dist.
2643 2383 2700 2439 4.
2726 2378 2945 2441 Nullas
2967 2379 3312 2459 Episcopus,
3344 2377 3667 2457 Presbyter,

476 2478 574 2528 tur
602 2469 781 2529 sessio
814 2470 928 2529 sub
965 2469 1093 2548 ipso
1125 2488 1378 2549 quoque
1397 2469 1637 2530 Canone
1663 2514 1680 2542 ,
1710 2478 1772 2530 et
1795 2469 2016 2530 Conse-
2123 2479 2226 2527 aut
2253 2469 2540 2531 Diacoaas
2558 2520 2573 2541 ,
2603 2474 2679 2533 ad
2700 2475 2969 2534 solemnia
2995 2472 3312 2534 Missas-am
3341 2474 3673 2536 celebranda

470 2563 758 2623 eratione.
1913 2573 1922 2582 ²
2119 2576 2447 2640 praesumat
2475 2586 2600 2628 cum
2630 2569 2829 2628 baculo
2854 2568 3123 2636 introire,
3154 2578 3256 2627 aut
3285 2568 3467 2627 celato
3493 2569 3674 2646 capite

594 2658 762 2718 XXI.
786 2657 847 2717 Si
870 2657 1192 2730 Parochus,
1207 2666 1311 2719 aut
1331 2656 1616 2718 Sacerdos
1633 2657 1792 2719 alius
1814 2657 2019 2718 viden-
2121 2653 2322 2717 Altam·
2354 2657 2462 2718 Dei
2493 2663 2767 2721 assistere.
2800 2660 3112 2740 Quidquid
3143 2668 3345 2722 autem
3371 2660 3420 2721 si
3455 2660 3532 2722 de
3556 2679 3628 2720 eo
3649 2705 3669 2732 ,

470 2754 535 2813 ‹li
558 2754 903 2815 omnimoda
926 2754 1208 2815 facultate
1230 2753 1497 2833 privatus
1518 2772 1637 2813 non
1657 2753 1756 2824 sit,
1778 2737 2016 2815 licentia
2124 2752 2287 2829 quod
2310 2753 2580 2833 vasquez
2601 2757 2770 2815 Tom.
2806 2762 2864 2816 3.
2896 2755 2961 2816 in
2985 2760 3042 2817 3.
3074 2764 3231 2836 part.
3260 2755 3493 2835 Disput.
3529 2759 3667 2822 232.

469 2848 529 2907 ei
572 2847 915 2908 conceditur
953 2847 1295 2907 celebrandi
1332 2846 1393 2906 in
1437 2846 1600 2907 festis
1638 2846 2015 2907 solemniori·
2124 2864 2253 2924 cap.
2283 2850 2339 2906 4.
2376 2849 2591 2919 refert,
2619 2849 2683 2909 ia
2711 2841 2959 2914 P'olonia
2986 2849 3330 2911 Sacerdotes
3357 2848 3538 2910 etiam
3565 2850 3676 2910 Re-

474 2941 611 3013 buS,
636 2949 696 3001 et
721 2942 1063 3021 duplicibus
1085 2941 1329 3003 Missam
1356 2942 1620 3002 votivam
1648 2942 1722 3001 (ie
1747 2941 2018 3002 Beatissi-
2124 2939 2364 3019 gulares
2398 2942 2462 3001 in
2492 2942 2706 3024 hyeme
2738 2953 2946 3024 operto
2981 2944 3175 3024 capite
3202 2945 3444 3005 Missam
3476 2943 3675 3007 dicere

475 3056 572 3098 ma
587 3037 857 3117 Virgine,
873 3037 1085 3098 diebus
1103 3046 1303 3099 autem
1329 3036 1641 3098 ferialibus
1653 3036 1893 3098 Missam
1908 3037 2019 3096 De-
2069 3055 2076 3163 i
2130 3054 2319 3113 usque
2344 3035 2421 3097 ad
2442 3037 2984 3113 Consecrationem;
3005 3040 3313 3100 consuevit
3334 3038 3466 3100 dari
3490 3038 3674 3099 licen·

476 3132 845 3193 functorum:
869 3132 1094 3196 multae
1121 3152 1263 3195 vero
1289 3132 1592 3195 clausulae
1618 3131 1761 3194 huic
1779 3151 2018 3194 conces·
2070 3170 2076 3220 3
2130 3129 2209 3190 tia
2235 3130 2366 3210 capi
2376 3140 2430 3192 te
2455 3141 2663 3213 operto
2685 3132 2927 3195 Missam
2957 3133 3191 3216 legendi
3219 3141 3465 3213 excepto
3489 3132 3676 3195 Cano·
3728 3204 3745 3215 ο

471 3227 627 3288 sioni
676 3228 1080 3309 adjiciuntur,
1128 3228 1232 3290 illa
1266 3228 1649 3308 praesertim,
1692 3235 1759 3288 ut
1798 3247 1912 3287 noa
1942 3229 2019 3287 sit
2070 3230 2077 3309 ξ
2126 3243 2224 3295 ne,
2257 3225 2306 3285 si
2342 3236 2627 3287 testentur
2650 3227 2864 3288 Medici
2892 3248 2969 3290 ex
2996 3227 3207 3308 capitis
3236 3227 3561 3289 nudatione
3585 3246 3675 3289 sa-

470 3325 698 3381 omnino
736 3343 958 3393 caecus,
995 3344 1090 3384 nec
1127 3327 1316 3383 recitet
1359 3326 1675 3384 memoriter
1687 3345 1709 3390 ,·
1749 3321 2018 3403 injungi-

481 3427 699 3496 turque
731 3418 1059 3498 Episcopis,
1096 3426 1161 3478 ut
1190 3419 1238 3478 si
1271 3437 1479 3479 caecus
1524 3418 1771 3478 omnino
1805 3418 2020 3478 redda-

479 3519 600 3583 tur,
624 3512 788 3572 omni
818 3511 1159 3573 celebrandi
1191 3512 1471 3573 facultate
1498 3512 1790 3592 privetur..
1824 3514 2022 3590 Atque

476 3604 525 3664 si
560 3605 844 3667 Sacerdos
888 3626 1096 3667 caecus
1145 3605 1443 3668 efficiatur
1499 3615 1630 3686 post
1682 3615 2021 3685 susceptum

476 3701 921 3779 presbyteratus
951 3700 1246 3773 ordinem,
1280 3701 1378 3762 hic
1407 3701 1582 3766 illum
1607 3701 1869 3763 defectus
1897 3718 2021 3760 non

477 3791 690 3851 ordine
717 3793 892 3872 ipso,
923 3795 1023 3855 sed
1052 3795 1282 3855 ordinis
1307 3796 1655 3857 executione
1693 3797 1932 3877 privat,
1962 3802 2023 3856 et

475 3883 720 3974 quidem
765 3896 997 3948 tantum
1030 3889 1229 3967 quoad
1272 3890 1699 3951 confectionem
1728 3890 2020 3951 Euchari-

474 3977 658 4052 stiae3
692 3999 814 4039 non
852 3979 998 4041 item
1030 3981 1230 4061 quoad
1269 3982 1418 4043 alias
1447 3982 1782 4045 functiones
1824 3984 2021 4045 visum

477 4092 599 4133 non
628 4073 932 4155 exigentes
951 4121 968 4147 ,
997 4075 1196 4154 qualis
1237 4085 1388 4137 esset
1433 4064 1819 4139 confessionis
1847 4079 2022 4139 audi-

479 4167 592 4241 tio,
625 4169 990 4248 praedicatio
1018 4179 1140 4230 etc.
1181 4171 1617 4250 prout'optime
1649 4174 1927 4234 observat
1955 4173 2016 4233 S.

474 4260 733 4321 Thomas
769 4267 826 4321 3.
878 4269 1033 4341 part.
1075 4271 1307 4341 quaest.
1356 4269 1455 4325 82.
1509 4273 1624 4325 art.
1666 4271 1758 4325 10.
1798 4267 1873 4327 ad
1924 4271 2015 4327 13.

474 4355 605 4416 Non
635 4375 778 4417 vero
805 4356 1019 4418 desunt
1044 4358 1319 4439 exempla
1346 4378 1656 4421 concessae
1678 4361 1865 4422 caecis
1886 4360 2023 4442 Epi-

472 4450 665 4530 scopis
708 4451 984 4513 licentiae
1022 4452 1267 4513 Missam
1311 4452 1675 4514 celebrandi.
1710 4455 2025 4516 Aimonius

476 4565 622 4606 sane
665 4545 848 4607 refert
890 4546 952 4605 in
997 4546 1162 4623 Actis,
1201 4546 1453 4608 Concilii
1497 4547 1820 4609 Tricassiui
1863 4567 2025 4609 anno

476 4644 614 4700 878.
639 4639 830 4700 habiti
852 4640 1018 4719 apud
1031 4640 1381 4723 Baronium,
1398 4648 1457 4701 et
1472 4640 1741 4702 Natalem
1759 4640 2022 4702 Alexan-

477 4735 692 4807 drum,
739 4736 1032 4807 Joannem
1080 4735 1250 4795 vlu.
1297 4734 1359 4795 iu
1403 4736 1608 4795 eodem
1652 4736 1916 4797 Concilio
1946 4736 2024 4797 ad

476 4829 828 4890 instantiam
851 4829 1282 4909 Episcoporum
1313 4829 2024 4897 Hincmarffinudiinen-

476 4923 527 4984 si
570 4943 774 4994 caeco,
819 4922 1018 5003 nepoti
1051 4923 1362 4983 Hincmari
1394 4923 1746 4985 Rhemensis
1774 4924 2023 4985 faculta-

481 5026 597 5077 tem
621 5017 816 5078 Sacris
838 5017 1128 5097 operandi
1153 5017 1333 5079 fuisse
1354 5012 1696 5098 elargitum.
1719 5018 1859 5080 Soto
1878 5038 2026 5098 quo-

478 5111 695 5191 quein
739 5115 795 5170 4.
828 5111 1092 5172 Sentent.
1134 5111 1269 5172 dist.
1311 5118 1369 5172 9.
1415 5121 1644 5192 quaest.
1691 5118 1745 5173 1.
1798 5121 1912 5174 art.
1958 5118 2016 5175 2.

485 5213 734 5266 testatur
789 5205 987 5264 visum
1052 5225 1088 5266 a
1126 5225 1190 5266 se
1238 5205 1303 5266 in
1353 5205 1620 5267 Concilio
1673 5206 2025 5269 Tridentino

482 5297 842 5378 Episcopum
874 5312 1115 5358 caecum
1142 5318 1217 5359 ex
1246 5300 1551 5361 pontificis
1585 5300 2025 5381 dispensatione

479 5388 750 5471 quotidie
792 5386 1212 5453 celebrantem.
1255 5392 1405 5453 Cum
1453 5394 1571 5453 Nos
1608 5397 1670 5452 in
1711 5396 2024 5455 minoribus

484 5502 735 5546 munere
776 5482 1165 5565 fungeremur
1194 5486 1506 5548 Secretarii
1537 5488 2026 5570 Congregationis

2130 3318 2334 3380 nitatis
2356 3320 2692 3401 periculum
2716 3322 3050 3384 imminere.
3077 3322 3331 3383 Paulum
3354 3322 3427 3381 V.
3446 3338 3678 3382 conces-

2127 3412 2272 3474 sisse
2295 3413 2514 3495 legitur
2537 3417 2601 3476 in
2627 3416 2935 3496 aliquibus
2956 3416 3221 3479 Orientis
3240 3415 3517 3477 Ecclesiis
3538 3414 3679 3476 Mis-

2128 3527 2234 3575 sas
2258 3509 2524 3591 integras
2550 3530 2675 3572 una
2700 3531 2837 3572 cum
2871 3512 3114 3572 Canone
3136 3519 3343 3590 operto
3371 3510 3563 3590 capite
3589 3529 3679 3570 ce-

2129 3602 2355 3665 lebrari
2373 3651 2389 3676 ,
2413 3626 2549 3666 cuni
2573 3606 2648 3666 iis
2668 3606 2732 3666 in
2759 3605 3105 3687 regionibus
3131 3603 3433 3666 inurbana
3449 3604 3676 3666 habea·

2132 3706 2231 3758 tur
2271 3698 2484 3779 capitis
2520 3700 2863 3761 denudatio.
2896 3699 3265 3781 Raynaudus
3301 3698 3476 3760 citat„
3501 3700 3672 3759 Tom.

2131 3798 2189 3852 6.
2234 3813 2373 3875 pag.
2411 3799 2548 3854 499.
2595 3794 2875 3855 columna
2902 3799 2960 3854 2.
2981 3838 2998 3867 ,
3043 3789 3103 3855 et
3129 3793 3377 3855 Henaus
3405 3793 3575 3854 Tom.
3609 3797 3670 3853 2.

2131 3887 2206 3948 de
2225 3887 2532 3950 Sacrificio
2559 3889 2779 3969 disput.
2812 3893 2911 3953 27.
2943 3888 3279 3949 section.·2.
3305 3907 3542 3948 numer.
3575 3892 3668 3949 10.

2129 3981 2495 4055 admittunt,
2521 3994 2730 4063 operto
2754 3982 2949 4063 capite
2974 3982 3217 4045 Missam
3236 4027 3252 4054 ,
3286 3991 3346 4042 et
3372 3980 3679 4042 Canonem

2131 4075 2250 4137 dici
2283 4096 2481 4158 posse,
2515 4077 2747 4139 sialias
2778 4077 3058 4139 timeatur
3083 4076 3261 4139 saluti
3290 4076 3626 4137 Sacerdotis
3652 4121 3672 4149 ,

2131 4168 2195 4229 in
2223 4170 2572 4252 regionibus
2601 4170 2952 4251 praesertim
2982 4170 3236 4251 frigidis.
3270 4169 3532 4249 Ideoque
3555 4169 3675 4232 Na·
3746 4222 3753 4227 .

2132 4280 2347 4324 varrus
2388 4264 2496 4325 lib.
2540 4266 2596 4325 3.
2630 4264 2711 4325 de
2748 4264 3030 4325 celebrat.
3063 4263 3417 4341 Missarum,
3447 4261 3671 4327 Consil.

2130 4363 2188 4418 7.
2239 4370 2408 4418 num.
2447 4364 2504 4418 5.
2552 4359 2695 4419 edit.
2734 4359 2946 4419 Venet.
2993 4361 3164 4417 1621.
3210 4356 3358 4418 haec
3405 4357 3674 4419 adferet:

2129 4451 2265 4513 Non
2301 4455 2560 4512 desinant
2583 4452 2956 4514 Sacramenta
2973 4451 3188 4512 Divina
3222 4463 3530 4511 reverenter
3560 4463 3683 4513 tra-

2131 4551 2311 4618 ctari,
2343 4568 2402 4607 eo
2443 4550 2591 4626 qaod
2631 4568 2704 4608 σω
2723 4550 3104 4625 juxta-causa
3147 4559 3197 4606 et
3240 4549 3559 4607 necessitate
3589 4549 3676 4605 vi-

2134 4644 2298 4702 tandi
2325 4645 2586 4720 frigoris,
2615 4645 2701 4703 vel
2745 4643 2951 4701 doloris
2979 4642 3180 4720 capitis
3201 4686 3218 4711 ‚
3246 4641 3452 4719 pileolo
3483 4643 3679 4718 aliquo

2131 4738 2353 4796 hortesto
2387 4748 2555 4816 capnt
2586 4748 2826 4815 teyatur.
2856 4735 3189 4797 Concordat
3208 4733 3480 4795 Salmero
3501 4736 3672 4796 Tom.

2138 4836 2230 4892 14.
2267 4831 2332 4891 in
2359 4851 2452 4911 ep.
2490 4837 2544 4892 1.
2576 4833 2652 4892 ad
2682 4829 2984 4892 Corintios
3010 4849 3140 4908 cap.
3192 4834 3285 4889 11.
3314 4829 3535 4910 disput.
3575 4834 3668 4891 18.

2133 4944 2270 5005 pag.
2331 4929 2466 4985 144.
2513 4924 2659 4986 edit.
2705 4924 2913 4985 Colon.
2966 4927 3137 4984 1614.
3191 4932 3249 4984 et
3280 4923 3529 4985 Henaus
3573 4923 3673 4985 cit.

2132 5028 2273 5079 sect.
2309 5022 2368 5078 2.
2402 5038 2570 5079 num.
2608 5024 2706 5079 20.
2756 5019 2838 5080 ita
2864 5039 3001 5079 cum
3031 5018 3284 5099 Arriaga
3328 5016 3673 5079 concludit:

2133 5112 2269 5174 Non
2311 5124 2389 5173 est
2419 5115 2779 5183 cernendam,
2810 5112 2992 5172 Deum
3017 5113 3189 5173 malle
3221 5115 3408 5172 omitti
3437 5111 3683 5192 Sacrifi-

2131 5210 2313 5279 cium,
2362 5219 2464 5268 aut
2517 5209 2664 5287 quod
2716 5210 2973 5287 praviter,
3014 5206 3338 5268 Sacerdotes
3385 5208 3450 5265 de
3498 5207 3681 5266 salute

2129 5303 2555 5380 periclitentur,
2599 5322 2771 5380 qaam
2806 5303 2952 5380 quod
2982 5302 3220 5361 habeant
3269 5309 3410 5359 tecta
3447 5302 3675 5379 capita,

2132 5414 2261 5455 cum
2288 5397 2386 5456 hoc
2414 5400 2593 5475 ipsum
2610 5445 2626 5468 ,
2662 5399 2809 5475 quod
2836 5407 3006 5456 extra
3032 5396 3404 5454 necessitatem
3433 5404 3566 5454 esset
3592 5396 3678 5453 ir-

2137 5493 2477 5564 reverentia,
2505 5491 2723 5551 desinoet
2748 5510 2854 5550 esse
2883 5492 3016 5550 talis
3045 5491 3106 5547 in
3127 5487 3407 5547 siinilibus
3434 5488 3675 5550 casibus.
