4487 6316
1788 536 1916 592 Lm.
1954 536 2023 594 n.
2061 535 2203 593 031².
2240 539 2286 594 1.

147 694 402 741 amaad

103 754 278 853 '20:⁸⁸2
304 768 404 855 ΞΖ
443 785 720 859 accurate
751 777 1235 860 pervestigarunt
1260 800 1277 852 3
1306 788 1488 858 atque
1513 797 1646 839 eam
1675 797 1857 859 quam
1886 777 2000 838 du-

561 685 619 744 ³.
658 677 1030 747 Heterodoxi
1056 701 1300 765 quoque
1324 682 1543 747 Missae
1575 674 1999 766 etymologiam
2112 702 2190 744 ne
2224 682 2551 766 significari
2589 685 2655 747 in
2694 682 2961 765 Concilio
2994 681 3461 751 chalcedonensi
3485 728 3502 756 ,
3538 700 3663 765 quo

2112 777 2313 839 Latini
2335 779 2546 839 Patres
2563 787 2625 840 et
2642 777 2852 840 Graeci
2887 786 3298 841 convenerunt
3320 823 3336 852 ,
3365 776 3431 838 in
3456 794 3663 837 secun-

104 868 363 929 νίψω·
447 871 594 932 dum
647 872 1072 953 probavimus,
1112 886 1350 934 summo
1398 893 1689 935 consensu
1737 871 2000 954 amplexi
2111 870 2189 937 do
2215 880 2275 934 et
2303 872 2479 933 t'ertio
2500 873 2769 934 Concilio
2795 872 3248 956 Carthaginensi
3275 919 3292 947 ,
3337 871 3400 933 in
3436 869 3662 951 quibus

443 974 605 1027 arnt.
640 966 852 1027 Petrus
872 966 1240 1028 Picherellus
1258 959 1491 1029 dissert.
1513 968 1587 1028 de
1607 966 1789 1029 Missa
1814 975 1873 1027 et
1898 986 2003 1027 an-

444 1061 620 1123 nexis
648 1061 844 1123 eidem
869 1063 1269 1149 etymologiae
1304 1054 1646 1143 subsmiibit.
1687 1063 1794 1123 Est
1818 1061 1999 1123 etiam

446 1154 606 1217 inter
628 1157 797 1218 erudi
808 1167 863 1218 ta
885 1154 1288 1233 Miscellanea,
1317 1178 1475 1239 quae
1494 1157 1842 1231 Dominjcus
1863 1158 2003 1219 Car-

443 1249 667 1312 dinalis
707 1251 1060 1313 Passioneus
1116 1252 1179 1312 in
1227 1252 1450 1314 eximia
1476 1272 1584 1314 sua
1632 1251 2003 1314 Bibliotheca

443 1344 689 1427 collegit
714 1354 857 1406 tom.
900 1352 976 1407 7.·
992 1346 1327 1408 dissertatio
1353 1341 2003 1427 quaedam'Historico-

443 1439 875 1514 Ecclesiastica,
908 1440 991 1500 De
1031 1443 1432 1519 insiqm‘oribus
1454 1452 1698 1501 ceterum
1722 1439 1771 1501 C
1774 1442 2008 1502 hristia-

388 1532 391 1535 ’
446 1530 652 1595 nono&
687 1536 949 1613 formulis
990 1534 1176 1617 Typis
1212 1528 1862 1621 Amstelodamensibus
1896 1534 2004 1595 ima

447 1649 652 1711 pressa
679 1675 695 1703 ,
727 1630 917 1709 quam
942 1629 1283 1710 presidente
1307 1630 1398 1690 Jo.
1432 1629 1671 1707 Andrea
1698 1630 2004 1694 Schmidio

443 1722 544 1785 die
571 1728 669 1784 20.
704 1723 1050 1786 Decembris
1074 1743 1218 1785 ann.
1256 1713 1435 1784 1696.
1462 1723 1771 1807 proposuit
1804 1724 2006 1805 dispu-

445 1819 692 1880 tandam
709 1818 1081 1900 Augustinus
1105 1819 1366 1881 Joannes
1390 1818 1699 1892 Eusebius,
1730 1826 1912 1899 atque
1937 1819 2001 1881 in

442 1933 516 1976 ea
541 1900 772 1994 ubique
804 1915 1020 1994 prohat
1045 1913 1261 1976 Missae
1291 1913 1715 1996 etymologiam
1742 1934 1779 1975 a
1805 1915 2003 1975 dimis-

442 2010 601 2068 sione
635 2006 993 2070 derivatam.
1033 2010 1110 2070 Et
1164 2008 1511 2070 Joachimus
1555 2007 2012 2070 Hildebrandus

441 2096 605 2184 apud
629 2123 766 2164 suos
793 2103 1075 2165 sectarios
1101 2103 1284 2165 homo
1317 2104 1518 2186 magni
1548 2101 1810 2165 nominis
1835 2102 1900 2164 in
1927 2102 2006 2164 0-

445 2216 591 2279 pere
616 2198 712 2273 cui
741 2198 954 2259 titulus
977 2244 993 2272 ,
1025 2198 1212 2260 Sacra
1230 2201 1460 2280 publica
1490 2200 1685 2258 ceteris
1725 2198 2004 2259 Ecclesiae

445 2292 512 2351 iu
534 2292 915 2373 compendium
937 2293 1164 2363 redacta
1194 2340 1206 2361 ,
1253 2291 1685 2353 Amstelodami
1703 2291 1863 2352 edito
1896 2310 1996 2352 an.

446 2387 620 2445 1702.
654 2404 791 2467 pag.
819 2391 893 2446 6.
911 2385 1162 2453 eandem
1191 2385 1409 2448 Missae
1433 2385 1857 2467 etymologiam
1878 2404 2004 2446 am-

445 2478 746 2559 plectitur.
990 2504 993 2507 1
1268 2500 1274 2506 ·
1653 2518 1662 2535 .

521 2578 537 2599 “·
565 2576 624 2634 4.
657 2574 719 2633 S.
746 2568 962 2635 Avit'us
979 2593 1054 2634 ex
1078 2573 1363 2635 Senatore
1390 2575 1659 2637 Romano
1677 2572 2004 2653 Episcopus

102 2654 408 2753 {tizam-2
446 2666 806 2729 Viennensis
834 2668 896 2728 in
931 2668 1135 2730 Gallia'
1161 2669 1426 2749 Scriptor
1442 2674 1499 2729 5.
1531 2667 1751 2729 saeculi
1776 2687 2003 2729 exeun-

104 2768 317 2811 θὼν-ὴ*
337 2783 411 2813 νο-
452 2761 529 2839 tis
557 2808 585 2836 ,a
603 2782 784 2843 quem
814 2762 962 2824 tanti
991 2750 1288 2836 faciebat,
1319 2764 1427 2823 etsi
1461 2762 1742 2836 Arianus‚
1772 2762 2005 2824 Gonde-

104 2840 174 2869 α
451 2856 687 2919 baudus
714 2860 865 2929 Rex,
895 2867 964 2919 ut
989 2878 1126 2919 eum
1163 2875 1340 2938 super
1362 2858 1566 2919 multis
1593 2857 1669 2919 ad
1695 2876 2001 2919 sacrarum

446 2950 894 3032 Scripturarum
916 2952 1377 3035 intelligentiam
1399 2951 1803 3033 spectantibus
1824 2972 2004 3032 quae-

448 3047 746 3111 stionibus
771 3047 1146 3122 consuleret,
1178 3048 1366 3128 Epist.
1405 3052 1457 3108 1.
1509 3066 1692 3128 quam
1730 3047 2002 3108 Sirmon·

448 3142 562 3205 dus
584 3136 812 3217 edidit,
843 3143 989 3205 haec
1014 3142 1262 3204 scribit:
1304 3141 1373 3202 In
1411 3141 1679 3202 Ecclesia
1722 3141 2003 3204 Patauis-

449 3255 554 3319 que
594 3241 708 3300 sicc
771 3237 1086 3300 Praetoriis
1145 3237 1353 3317 Missa}
1373 3235 1520 3320 fieri}
1550 3240 1960 3321 pronuntiatur
1984 3287 1998 3309 ,

445 3354 573 3395 cum
596 3334 849 3415 Populus
882 3323 957 3395 ab
974 3334 1345 3393 observatione
1367 3334 1702 3400 dimittimr:
1743 3333 1819 3394 ad
1847 3352 2004 3413 quae

446 3431 633 3494 verba
662 3437 829 3498 notat
874 3427 1230 3489 Sirmondus
1253 3473 1269 3501 ‚
1323 3437 1621 3508 quantum
1668 3447 1705 3489 a
1751 3427 2004 3490 veritate

446 3527 685 3589 aberret
711 3570 727 3598 ‚
758 3523 863 3604 qui
893 3523 1135 3584 Missam
1163 3522 1242 3582 ab
1270 3521 1569 3583 Hebraica
1595 3540 1738 3582 voce
1764 3521 2002 3583 deriva-

448 3627 571 3684 tam
606 3627 818 3701 putat3
857 3626 917 3680 et
941 3618 1151 3679 addit:
1197 3617 1373 3679 Haud
1392 3619 1505 3678 scio
1538 3635 1617 3677 an
1654 3633 1691 3677 a
1722 3636 2007 3695 quoquam

447 3717 711 3777 hactenus
744 3712 1173 3796 proditumtuon
1195 3701 1558 3771 iu‘Ecc'lesiis
1580 3711 1742 3808 modo
1765 3758 1781 3781 ,
1811 3728 2005 3769 cerum

448 3814 619 3873 etiam
648 3812 713 3870 iu
756 3807 1006 3868 Palatiis
1037 3806 1457 3883 Praetort‘isquc
1496 3805 1770 3883 usurpari
1809 3793 2007 3863 uomc‘n

448 3905 665 3968 Missae
703 3904 1036 3964 consuevisse
1061 3949 1077 3972 ‚
1111 3921 1236 3961 ctam
1263 3896 1511 3981 'populus
1540 3919 1577 3959 a
1613 3908 1881 3958 eon-ventu
1912 3899 2005 3958 di-

453 4000 823 4066 mittebatur,-
870 3996 1045 4079 quod·
1079 3995 1310 4058 notavit
1352 3993 1534 4056 etiam
1573 3993 1797 4077 Fleury
1841 3991 1996 4054 Hist.

452 4097 611 4162 Eoel.
646 4105 786 4159 tom.
820 4102 878 4157 7.
911 4094 1019 4155 lib.
1044 4098 1150 4154 «so.
1182 4077 1318 4174 pag.
1356 4071 1489 4152 ioo.

174 4252 183 4263 ,
570 4199 628 4254 5.
681 4193 832 4253 Sunt
858 4189 965 4270 qui
1003 4186 1243 4250 Missam
1281 4204 1402 4246 non
1430 4184 1509 4246 ab
1554 4181 1833 4245 Hebraeo
1857 4226 1873 4254 ‚
1903 4180 2006 4242 sed

106 4255 414 4354 {xnus-'ig'-
453 4307 491 4353 a
512 4287 727 4350 Latino
753 4301 1027 4346 sermone
1060 4281 1392 4343 derivatam
1425 4285 1676 4359 putant,
1704 4276 1865 4357 quod
1896 4276 2004 4338 Sa·

104 4368 234 4468 {22⁹
287 4370 415 4426 ‘'⁸⁸¹⁸''
455 4382 708 4446 cerdotis
734 4374 1088 4450 ministerio,
1117 4373 1222 4455 qui
1252 4381 1450 4454 partes
1476 4369 1821 4432 mediatoris
1846 4369 2006 4431 inter

107 4438 312 4525 0⁰⁰3&
367 4440 416 4469 a
459 4481 652 4541 Deum
683 4483 746 4536 et
762 4472 1037 4536 homines
1062 4469 1207 4553 agit,
1237 4466 1537 4529 Fidelium
1564 4483 1767 4546 preces
1789 4463 1866 4526 ad
1898 4465 2008 4525 De-

104 4538 417 4639 ξεῗιιῗώῖ.»
455 4593 562 4635 um
589 4571 957 4633 deferantur.
997 4566 1161 4628 Haec
1184 4572 1274 4625 est
1299 4564 1371 4624 D.
1403 4559 1677 4642 Gregorii
1712 4558 2007 4622 sententia

104 4654 352 4708 *ἥψω
455 4667 564 4729 lib.
605 4669 664 4726 4.
712 4654 1103 4746 Dialogorum
1141 4678 1271 4739 cap.
1314 4663 1411 4719 58.
1453 4662 1515 4717 et
1552 4673 1689 4717 cum
1721 4673 1794 4715 eo
1827 4652 2009 4726 sentit

99 4711 305 4828 1333*ss
311 4798 326 4822 ι
355 4713 412 4811 ⁸²2
453 4763 526 4823 D.
558 4760 817 4822 Thomas
844 4758 908 4818 in
938 4762 994 4818 3.
1034 4773 1162 4836 par.
1195 4772 1257 4835 q.
1289 4757 1388 4813 83.
1420 4758 1535 4838 art.
1562 4753 1621 4810 4.
1659 4747 1863 4809 Prima
1882 4754 2010 4829 ety-

94 4828 277 4928 303'.
304 4826 410 4868 ω
453 4853 712 4937 mologia
754 4851 957 4916 verior
992 4848 1232 4910 videtur
1255 4892 1271 4920 ‚
1310 4845 1389 4906 ad
1422 4844 1703 4923 pietatem
1738 4859 2004 4923 propen-

454 4950 597 5011 sior.
621 4947 912 5028 Iosephus
931 4941 1274 5006 Vicecomes
1293 4941 1369 5002 de
1395 4938 1611 5004 Missae
1627 4935 1865 4998 Ritlbus
1893 4934 2001 4996 lib.

461 5050 515 5106 1.
541 5056 672 5123 cap.
716 5048 773 5103 3.
812 5039 1030 5101 Missae
1062 5055 1283 5099 nomen
1317 5032 1621 5095 Sacrificio
1646 5039 1852 5093 nostro
1878 5030 2008 5098 exi,-

456 5137 658 5200 stimat
684 5134 946 5197 inditum
980 5130 1226 5192 vetustis
1250 5127 1548 5190 Ecclesiae
1582 5124 1873 5198 saeculis;
1904 5124 2009 5186 sed

457 5231 674 5293 nititur
706 5226 1056 5312 praesertim
1080 5217 1371 5306 'Epistolis
1396 5220 1808 5284 Decretalibus
1841 5238 2007 5280 sum-

454 5344 694 5386 morum
728 5320 1253 5398 Pontificumante
1287 5316 1568 5386 Siricium
1593 5361 1610 5388 ‚
1640 5333 1797 5395 quae
1831 5332 2009 5390 nemo

458 5417 645 5481 nescit
657 5425 806 5499 quot
825 5415 1102 5477 laborent
1113 5410 1584 5478 difficultatibus.
1601 5407 2012 5483 Quamobrem

2107 966 2304 1028 adsuit
2331 969 2390 1029 S.
2422 968 2792 1053 Augustinus
2815 1014 2831 1042 ‚
2861 967 3011 1029 etin
3038 967 3305 1029 Concilio
3328 963 3656 1047 Ephesino,

2110 1070 2178 1123 ut
2198 1062 2404 1124 videre
2429 1072 2518 1125 oet
2544 1063 2704 1144 apud
2732 1059 3221 1143 Wallemburgos
3249 1070 3392 1122 tom.
3419 1066 3478 1120 2.
3511 1059 3663 1122 Con-

2110 1164 2359 1218 trovers.
2387 1166 2556 1225 tract.
2590 1163 2642 1218 t.
2675 1177 2803 1238 cap.
2836 1163 2930 1218 37.
2965 1157 3184 1223 Narrat
3204 1157 3276 1216 1).
3294 1153 3663 1241 'Ambrosius

2111 1252 2301 1332 Epist.
2350 1258 2449 1313 20.
2492 1252 2674 1314 Class.
2721 1254 2775 1313 1‘.
2810 1272 2871 1312 n.
2907 1255 2964 1312 4.
3012 1251 3156 1314 edit.
3181 1248 3658 1323 -Benedictinae,

2111 1346 2258 1407 dum
2285 1355 2434 1408 aeset
2462 1336 2786 1409 Mediolani
2814 1354 2875 1408 et
2899 1338 3166 1429 Augusta
3198 1345 3442 1408 Arianis
3467 1345 3665 1407 Eccle-

2112 1440 2263 1502 siam
2292 1432 2613 1503 concedere
2640 1436 2858 1515 vellet,
2889 1442 2951 1502 in
2981 1461 3102 1522 qua
3130 1441 3255 1521 ipse
3286 1440 3658 1514 celebrabat,

2114 1536 2230 1596 sibi
2261 1536 2612 1597 nunciatum
2659 1557 2785 1598 esse
2807 1537 2965 1597 ‘mitti
2994 1539 3121 1619 Jam
3149 1558 3184 1598 e
3220 1535 3452 1597 Palatio
3476 1535 3666 1617 Sagit-

2115 1624 2298 1691 ta'rios
2343 1631 2417 1692 ad
2466 1651 2599 1692 eam
2643 1632 3093 1711 occupandam3
3133 1630 3315 1711 idque
3349 1629 3666 1712 contigisse

2111 1732 2243 1805 post
2271 1726 2577 1787 Lectiones
2595 1734 2654 1788 et
2680 1746 3036 1799 sermonem,
3055 1728 3183 1808 Jam
3201 1724 3468 1795 dimissis
3482 1726 3664 1788 etiam

2119 1819 2575 1881 Catechumenis
2598 1866 2614 1894 ‚
2657 1840 2720 1882 se
2762 1840 2907 1882 vero
2933 1819 3104 1882 nullo
3131 1828 3293 1881 metu
3321 1820 3662 1900 perculsum

2115 1913 2567 1975 Caeremoniam
2594 1914 2971 1976 continuasse
2996 1935 3010 1973 ε
3035 1914 3162 1993 qu
3185 1926 3368 1975 tamen
3391 1913 3408 1995 (
3433 1912 3666 1994 inquit)

2115 2011 2306 2069 mansi
2333 2011 2396 2068 in
2416 2028 2643 2069 munere
2667 2058 2682 2079 ,
2713 2009 2958 2077 Missam
2987 2011 3164 2088 facere
3186 2011 3372 2089 coepi.
3391 2007 3485 2069 Ad
3510 2027 3671 2087 quae

2115 2102 2302 2165 verba
2329 2112 2499 2190 notat
2521 2104 2861 2185 Bocquillot
2885 2113 3055 2166 tract.
3088 2103 3372 2166 historico
3398 2103 3473 2164 de
3498 2122 3667 2166 sacra

2122 2196 2397 2279 Liturgia
2424 2198 2531 2260 lib.
2579 2204 2632 2259 1.
2665 2196 2796 2280 cap.
2842 2203 2896 2259 1.
2928 2218 2989 2259 n.
3034 2203 3091 2259 3.
3136 2201 3264 2281 jam
3302 2197 3444 2258 inde
3481 2197 3559 2259 ab
3591 2214 3664 2258 eo

2115 2300 2382 2374 tempore
2412 2291 2708 2355 invectam
2734 2312 2860 2357 esse
2892 2292 3383 2354 consuetudinem
3419 2292 3666 2353 nomine

2113 2387 2329 2450 Missae
2355 2387 2750 2462 Sacrificium,
2781 2386 2875 2448 cui
2905 2384 3139 2448 Fideles
3164 2386 3434 2460 aderant,
3464 2389 3667 2468 appel-

2108 2482 2273 2544 landi
2302 2504 2318 2557 3
2346 2483 2508 2563 quod
2536 2483 2715 2544 etiam
2759 2482 2925 2563 'patet
2941 2483 3071 2563 jam
3105 2489 3232 2543 tum
3260 2483 3339 2542 ab
3366 2502 3435 2543 ea
3461 2501 3662 2544 caere-

2113 2576 2317 2640 monia
2352 2577 2535 2639 suisse
2566 2577 2913 2641 distinctum
2938 2622 2955 2650 ,
2997 2576 3094 2638 cui
3131 2585 3468 2656 praesentes
3493 2584 3668 2640 erant

2114 2671 2540 2735 Catechumeni
2570 2692 2585 2732 ε
2635 2671 2724 2734 ait
2747 2671 2911 2732 enim
2929 2671 2991 2731 S.
3025 2673 3264 2745 Doctor,
3287 2680 3358 2733 ut
3378 2661 3684 2747 diximus.
3761 2694 3762 2697 ¹

2116 2766 2380 2876 dimissis
2418 2768 2586 2882 jam&
2616 2764 3112 2837 Catechumenis,
3179 2765 3423 2828 Missam
3471 2766 3666 2829 facere

2112 2880 2302 2945 coepn.
3407 2876 3410 2881 ’

2693 3050 2945 3114 CAPUT
2999 3051 3080 3113 n.

2290 3237 2377 3301 De
2405 3235 2678 3302 Idiomate
2696 3259 2806 3321 quo
2827 3238 3016 3314 Missa
3035 3235 3364 3304 celebranda
3385 3250 3483 3301 est.

2114 3432 2168 3489 1;
2217 3372 2429 3508 Quod
2459 3429 2537 3492 ad
2570 3419 2842 3512 linguam
2875 3430 3167 3512 pertinet,
3198 3428 3260 3490 in
3298 3429 3664 3518 occidentali

2110 3522 2378 3585 Ecclesia
2409 3524 2622 3586 Latino
2648 3544 2922 3586 sermone
2949 3524 3128 3585 Missa
3156 3524 3494 3587 celebratur
3517 3548 3534 3600 ς
3563 3546 3664 3587 eo-

2110 3637 2370 3699 rumque
2396 3618 2912 3700 impudentissima
2938 3628 3026 3680 est
3059 3619 3362 3682 calumnia
3389 3667 3405 3695 ,
3438 3622 3541 3701 qui
3581 3622 3667 3683 id-

2112 3712 2271 3773 circo
2306 3713 2520 3776 Latina
2555 3712 2763 3795 lingua
2811 3732 2847 3774 a
2882 3713 3054 3774 nobis
3090 3714 3332 3775 Missam
3369 3715 3660 3778 celebrari

2115 3807 2530 3882 deblaterant,
2579 3816 2648 3870 ut
2714 3808 3002 3870 Sacrificii
3059 3809 3344 3891 mysteria
3404 3812 3664 3892 populus

2113 3903 2363 3963 omnino
2401 3903 2654 3986 ignoret.
2703 3903 2774 3963 Id
2811 3902 3052 3964 foedum
3088 3922 3213 3965 esse
3239 3905 3617 3967 mendacium
3642 3947 3660 3980 ,

2115 3993 2408 4079 probatur
2426 4018 2499 4058 ex
2529 3997 2883 4059 Tridentina
2909 3997 3151 4081 Synodo
3178 4018 3317 4060 sess.
3350 4004 3448 4059 22.
3477 4000 3553 4061 de
3570 4001 3672 4063 Sa-‘

2114 4090 2343 4153 orificio
2370 4092 2586 4152 Missae
2617 4111 2746 4180 cap.
2786 4097 2844 4151 8.
2877 4090 2985 4152 ubi
3010 4100 3256 4153 monent
3284 4093 3507 4166 Patres,
3543 4113 3669 4157 non

2113 4179 2397 4265 expedire
2431 4184 2679 4265 quidem
2725 4184 2970 4274 Missam
3023 4204 3296 4247 somnne
3342 4187 3667 4249 vernaculo

2112 4278 2404 4341 celebrari
2431 4325 2447 4354 ,
2477 4280 2579 4341 sed
2617 4287 2816 4341 tamen
2856 4299 2956 4342 eos
2989 4280 3207 4342 debere
3233 4326 3249 4355 ,
3286 4281 3511 4362 quihus
3544 4282 3673 4344 ani-

2114 4393 2350 4435 marum
2377 4394 2522 4436 cura
2550 4374 2866 4448 incumbit,
2898 4373 3061 4436 festis
3080 4376 3430 4456 praesertim
3458 4369 3673 4441 diebus

2116 4469 2408 4549 populum
2435 4469 2510 4531 de
2536 4469 2714 4531 Missa
2742 4473 2990 4551 ejusque
3011 4470 3311 4552 mysteriis
3345 4459 3666 4535 instruere.

2114 4561 2251 4623 Etsi
2269 4564 2456 4625 Missa
2477 4584 2742 4643 maynam
2763 4566 3043 4625 contiueat
3057 4567 3260 4645 populi
3278 4555 3670 4644 emditioffiem,

2111 4677 2225 4717 nou
2257 4669 2441 4720 tamen
2462 4659 2722 4739 expedire
2742 4662 2923 4719 cisum
2944 4668 3022 4719 est
3045 4658 3338 4732 Patribus,
3383 4672 3447 4719 u!
3465 4664 3675 4740 cul-‹Ja-

2113 4754 2172 4812 ri
2191 4755 2406 4834 passim
2430 4754 2627 4832 linqua
2648 4754 3037 4816 celebraretur.
3083 4749 3457 4826 Quamobrem
3484 4765 3671 4815 reten-

2102 4847 2171 4918 ¹to
2186 4849 2398 4926 ubique
2430 4848 2695 4924 cujusque
2730 4845 3020 4925 Ecclesiae
3046 4851 3282 4925 antiquo
3304 4857 3356 4907 et
3376 4868 3416 4910 a
3446 4847 3515 4908 S.
3553 4849 3672 4912 110-

2113 4961 2286 5002 mana
2307 4940 2562 5001 Ecclesia
2581 4942 2833 5000 omnium
2853 4939 3242 5003 Ecclesiarum
3263 4952 3442 5003 matre
3463 4954 3516 5003 et
3547 4963 3674 5018 ma—

2113 5038 2296 5114 qistra
2329 5037 2565 5117 probato
2605 5034 2747 5096 Ritu
2776 5083 2790 5105 ,
2836 5053 2904 5095 ue
2940 5035 3080 5122 opes'
3105 5034 3324 5096 Christi
3370 5039 3626 5116 esuriant
3653 5086 3670 5111 ‚

2116 5151 2246 5192 acce
2272 5132 2508 5212 parvuli
2527 5149 2728 5210 panem
2747 5138 2975 5210 petant,
3023 5133 3076 5189 e‘t
3115 5150 3230 5190 nou
3258 5133 3340 5191 sit
3364 5134 3465 5210 qui
3507 5132 3673 5210 frau-

2116 5234 2215 5303 9at
2233 5219 2333 5286 eis
2361 5273 2376 5296 ,
2410 5225 2646 5285 mandat
2667 5221 2736 5283 S.
2764 5222 3030 5303 Synodus
3053 5222 3383 5285 Pastoribus
3404 5235 3457 5285 et
3473 5227 3675 5305 sinqu-

2120 5321 2190 5406 lis
2210 5315 2557 5381 Animarum
2584 5337 2782 5379 curam
2800 5315 3134 5396 fler-entibus,
3157 5329 3222 5378 ut
3245 5319 3560 5398 frequenter
3578 5321 3674 5378 in-

2120 5407 2203 5474 ter
2223 5414 2543 5475 Missurum
2562 5401 2980 5473 celebrationem
2999 5411 3086 5472 vel
3100 5432 3205 5494 per
3223 5431 3279 5473 se
3297 5414 3383 5473 cel
3396 5433 3501 5494 per
3529 5414 3677 5475 alios

455 5511 600 5576 satis
618 5518 708 5574 est
730 5510 833 5573 hic
858 5509 1134 5581 innuere,
1163 5504 1539 5568 Sacrificium
1565 5503 1783 5566 Missae
1812 5502 2011 5564 nomi-
2117 5525 2193 5569 ex
2212 5505 2286 5568 iis
2304 5527 2453 5588 quae
2471 5509 2537 5568 in
2555 5506 2744 5569 Missa
2767 5505 3032 5586 leguntur
3055 5552 3072 5577 ‚
3116 5507 3342 5587 aliquid
3362 5505 3671 5590 exponant,

769 5633 982 5675 suso.
1026 5632 1142 5672 xiv.
1182 5631 1331 5672 ron.
1368 5617 1511 5673 vm.

3705 3470 3832 3514 mna
3850 3469 3892 3512 iu
3910 3470 3995 3512 zo-

3706 3528 3830 3572 eleni·
3864 3526 3992 3569 Ocel-

3705 3584 3859 3628 dont-li
3869 3584 3995 3627 latin·

3706 3642 3952 3686 celebratur.

3702 3700 3919 3742 calumnia

3701 3756 3941 3802 Haeretica-

3703 3828 3817 3864 ΝΠ.
