4487 6316
1601 533 1830 586 RERUM
1871 531 2298 588 NOTABILmM

449 691 538 736 aut
574 697 832 736 venenum
860 679 916 731 in
945 677 1123 733 Calice
1148 685 1266 732 ante
1302 677 1772 732 consecrationem
1802 679 1987 748 depre-

446 769 724 833 hendatur,
754 768 936 818 vinum
960 766 1013 815 in
1043 766 1224 816 locum
1253 764 1526 817 decentem
1564 768 1755 834 projici
1797 765 1983 832 debet,

3324 524 3428 576 423

2083 680 2313 733 libenter
2343 678 2690 749 permitteret,
2738 684 2795 730 ut
2820 693 2922 746 pro
2947 674 3317 729 defunctorum
3347 671 3621 724 animabus

2082 767 2333 836 juvandis
2362 765 2563 834 singuli
2594 764 2900 817 Sacerdotes
2926 763 3144 816 Missam
3171 761 3360 815 eodem
3412 760 3500 813 die
3531 762 3623 811 ite·

439 867 492 910 et
525 873 723 907 novum
754 854 884 924 poni
915 852 1325 905 censecrandum
1350 872 1364 915 ;
1404 853 1449 904 si
1483 871 1609 905 vero
1639 854 1725 906 liic
1751 854 1984 908 defectus
2085 863 2263 907 rarent
2285 892 2297 905 .
2338 857 2480 924 App.
2517 855 2569 905 4.
2599 852 2654 904 in
2693 851 2824 904 lin.
2868 852 3059 921 Apo-rt.
3089 850 3136 923 5.
3167 848 3261 901 Ad
3283 848 3442 899 hunc.
3481 845 3625 898 Sacri

439 951 564 1012 post
598 942 1070 996 consecrationem
1105 938 1435 1004 advertatur,
1487 951 1536 993 et
1566 959 1764 1004 musca,
1791 950 1879 993 aut
1919 942 1988 993 si-

2085 945 2332 997 Canones
2359 944 2493 993 olim
2539 938 2912 1010 permittebant
2933 969 2964 1003 ,J
2987 947 3046 990 ut
3069 939 3112 989 si
3140 936 3382 990 Defuncti
3410 934 3629 986 cadaver

440 1032 589 1083 milia
616 1047 865 1082 nauseam
901 1038 1221 1096 provocent,
1263 1028 1458 1081 debent
1480 1028 1702 1093 extrahi,
1730 1029 1908 1094 lavari,
1936 1037 1988 1082 et
2092 1030 2459 1101 sepeliendum
2487 1037 2652 1092 esset,
2707 1028 2900 1096 duplex
2924 1025 3114 1080 eodem
3144 1024 3230 1076 die
3256 1024 3416 1076 Missa
3443 1020 3506 1074 ab
3544 1038 3633 1073 eo-

441 1117 709 1181 comburi,
737 1136 794 1170 ac
819 1118 956 1169 lotio
983 1125 1035 1168 et
1061 1117 1263 1168 cineres
1292 1117 1346 1168 in
1376 1117 1658 1168 sacrarium
1691 1117 1915 1186 projici3
1941 1117 1984 1167 si
2095 1121 2215 1174 dem
2246 1119 2533 1172 Sacerdote
2559 1116 2934 1180 celebraretur,
2961 1110 3014 1183 5.
3036 1118 3192 1168 Nova
3217 1112 3370 1164 haec.

444 1216 616 1259 autem
646 1208 828 1258 vinum
869 1213 1230 1257 consecratum
1259 1205 1420 1257 suerit
1454 1213 1797 1265 venenatum,
1844 1204 1986 1256 aliud

439 1295 626 1346 vinum
678 1292 1046 1361 accipiendum
1064 1329 1078 1353 ,
1107 1301 1160 1345 et
1185 1292 1604 1344 consecrandum
1633 1301 1744 1355 est,
1772 1308 1990 1345 venena·

444 1391 555 1433 tum
586 1398 707 1432 vero
734 1382 786 1430 iu
817 1381 975 1430 alium
1005 1379 1220 1431 calicem
1268 1387 1486 1445 stuppa,
1519 1387 1608 1429 aut
1635 1379 1800 1429 simili
1832 1387 1989 1431 mate·

440 1471 520 1522 ria
547 1470 760 1536 plenum
788 1466 999 1519 infundi
1024 1466 1197 1529 debet,
1220 1474 1270 1518 et
1285 1468 1603 1528 conservari,
1632 1465 1804 1517 donec
1829 1466 1992 1518 exsic-

443 1566 619 1620 cetur,
672 1565 780 1607 tum
809 1564 997 1624 stuppa
1024 1554 1383 1619 comburatur,
1417 1562 1470 1605 et
1499 1554 1703 1606 cineres
1734 1555 1789 1604 in
1818 1556 1991 1606 Sacra·

446 1645 586 1696 rium
610 1644 987 1713 projiciantur,
1016 1660 1069 1693 n.
1101 1645 1184 1694 11.
1213 1654 1266 1694 ee
1288 1642 1370 1693 12.
1400 1641 1501 1693 Alii
1529 1641 1763 1694 desectus
1790 1643 1844 1692 in
1866 1643 1991 1694 Mis·

446 1748 502 1783 sa
522 1733 830 1800 contingere
849 1739 1093 1798 possunt,
1106 1730 1303 1800 quibus
1325 1728 1580 1783 Rubricae
1595 1729 1828 1784 remedia
1847 1748 1993 1800 prac-

449 1818 719 1884 scribunt,
748 1835 804 1870 n.
828 1818 911 1870 14.

858 1938 1119 2008 Defectus
1143 1938 1294 1991 circa
1314 1938 1577 2002 [br-mam.

561 2082 617 2134 Si
648 2081 881 2133 scienter
907 2080 1181 2131 omittatur
1219 2078 1472 2147 particula
1499 2079 1643 2132 em‘m
1672 2080 1870 2145 valida,
1898 2081 1987 2134 sed

451 2167 641 2218 illicita
666 2176 744 2219 est
771 2165 1136 2225 consecratio;
1166 2165 1393 2215 invalida
1444 2184 1570 2217 vero
1589 2205 1604 2230 ,
1647 2168 1689 2218 si
1721 2168 1994 2220 omittatur

461 2273 561 2306 vox
591 2266 667 2306 est
693 2256 730 2305 1.
757 2254 807 2303 3.
835 2271 880 2304 c.
912 2255 995 2305 15.
1026 2271 1077 2303 n.
1110 2254 1192 2304 15.
1222 2254 1275 2303 Si
1306 2255 1426 2304 loco
1466 2256 1613 2316 vocis
1645 2258 1769 2307 Hoc
1795 2256 1995 2309 dicere-

456 2351 541 2394 tur
560 2341 732 2405 Istud,
760 2341 950 2404 valida,
978 2341 1068 2393 scd
1100 2341 1285 2391 illicita
1303 2350 1441 2393 esset
1463 2345 1825 2404 consecra-tim
1855 2344 1998 2394 inva-

453 2430 563 2482 lida
590 2448 734 2493 vero,
762 2431 807 2481 si
839 2429 1101 2482 diceretur
1126 2427 1298 2479 illud:
1340 2429 1791 2498 quemadmodum
1833 2432 1877 2481 si
1917 2430 1997 2482 di-

458 2526 666 2570 ceretur
686 2540 700 2569 ε
743 2517 856 2570 Hic
881 2529 959 2569 est
990 2517 1197 2584 Corpus
1221 2534 1429 2580 meum,
1458 2517 1719 2569 sumendo
1746 2517 1863 2569 Hic
1889 2527 2000 2570 tan·

453 2611 629 2674 quam'
643 2605 981 2665 adverbium
1011 2621 1180 2667 secus,
1200 2603 1245 2655 si
1268 2621 1361 2671 per
1381 2606 1747 2673 grammaticae
1758 2624 1996 2659 errorem

456 2692 572 2746 Hic
599 2710 699 2762 pro
727 2696 855 2745 Hoc
880 2699 1200 2761 poneretur,
1229 2691 1300 2742 ib.
1330 2693 1384 2744 Si
1416 2692 1537 2761 quis
1564 2693 1619 2742 in
1649 2695 2001 2746 consecratio·

455 2789 524 2834 ne
544 2782 737 2834 Calicis
766 2780 964 2832 diceret
991 2779 1257 2831 dumtaxat
1277 2781 1403 2830 Hoc
1424 2792 1502 2831 est
1528 2781 1695 2841 Galim
1717 2780 2003 2849 sanguinis

458 2869 585 2933 mei,
614 2868 842 2937 graviter
864 2875 1125 2935 peccaret:
1155 2875 1204 2918 et
1233 2866 1393 2917 dubia
1413 2866 1548 2919 forte
1567 2878 1704 2921 esset
1731 2886 2003 2923 consecra-

459 2958 559 3019 tio,
589 2965 642 3008 et
668 2955 964 3006 consultius
991 2962 1145 3019 esset,
1177 2963 1232 3006 ut
1269 2971 1429 3022 super
1453 2972 1650 3007 norum
1681 2957 1862 3009 vinum
1892 2976 2004 3009 om-

457 3043 546 3094 nia
564 3041 997 3096 consecrationis
1025 3039 1200 3107 verba,
1231 3049 1287 3092 ut
1312 3049 1436 3092 sunt
1462 3043 1516 3091 in
1545 3042 1779 3106 Canone,
1809 3045 1998 3097 iterum

460 3130 559 3183 sub
601 3130 913 3182 conditione
941 3128 1306 3198 proferrentur
1333 3166 1348 3192 ,
1388 3130 1591 3199 species
1641 3147 1796 3196 vero,
1846 3150 2003 3201 super

459 3236 590 3288 quas
619 3218 790 3285 prima
819 3218 912 3267 illa
938 3216 1094 3269 verba
1114 3218 1317 3286 prolata
1344 3216 1575 3280 fuerunt,
1604 3228 1902 3272 reverenter
1920 3238 2002 3273 su-

462 3314 760 3368 merentur,
790 3303 920 3356 ibid.

571 3395 626 3446 Si
656 3392 912 3445 Sacerdos
938 3391 1250 3460 ceteroquin
1278 3399 1502 3443 attentus
1548 3392 1755 3446 dubitet
1775 3430 1790 3457 ,
1818 3410 1881 3445 an
1911 3394 2002 3445 ali-

463 3480 596 3550 quid
624 3480 885 3543 omiserit,
913 3495 1023 3530 non
1045 3477 1201 3531 debet
1222 3476 1443 3542 turbari,
1474 3479 1564 3531 sed
1578 3481 1793 3533 Missam
1824 3499 2003 3551 prose·-

463 3569 578 3637 qui,
604 3568 728 3621 item
768 3569 815 3620 si
842 3567 1196 3636 probabiliter
1223 3583 1277 3619 se
1304 3567 1504 3635 aliquid
1536 3568 1781 3621 omisisse
1806 3570 2002 3622 sciant:

466 3653 556 3706 sed
587 3656 631 3705 si
664 3665 969 3723 cognoscat,
1000 3672 1055 3707 se
1080 3653 1285 3723 aliquid
1316 3655 1582 3718 omisisse,
1609 3655 1755 3724 quod
1784 3665 1920 3709 esset
1939 3657 2004 3710 de

462 3742 775 3795 necessitate
801 3741 1141 3805 Sacramenti,
1170 3743 1351 3793 omnia
1377 3759 1439 3793 ex
1466 3742 1658 3795 ordine
1678 3742 2006 3797 debetitera·

465 3844 562 3894 re,
603 3828 641 3880 1.
662 3828 717 3881 3.
745 3845 792 3880 c.
824 3830 906 3880 15.
936 3844 989 3879 n.
1017 3829 1100 3880 te.

1093 3947 1373 4017 Defuncei.

573 4089 807 4139 Ecclesia
838 4104 938 4156 pro
983 4087 1261 4139 Defunctis
1312 4087 1634 4140 incessanter
1669 4099 1809 4155 orat,
1858 4099 1910 4142 et
1947 4092 2001 4142 in

468 4175 720 4227 omnibus
746 4174 1000 4243 Liturgiis
1026 4173 1195 4225 oratio
1226 4191 1323 4240 pro
1353 4174 1483 4241 ipsis
1502 4192 1562 4226 ex
1587 4174 1888 4243 Apostolica
1909 4188 2007 4229 tra·

472 4264 681 4315 ditione
708 4262 957 4325 habetur,
990 4264 1025 4313 1.
1046 4261 1098 4316 2.
1130 4278 1176 4311 c.
1204 4263 1291 4313 17.
1323 4278 1375 4311 n.
1402 4262 1451 4312 2.
1487 4263 1548 4313 1n
1576 4264 1736 4314 Missa
1759 4266 1875 4330 plus
1903 4282 2003 4333 pro

471 4351 791 4421 quibusdam
820 4350 1135 4419 specialiter,
1165 4349 1289 4401 inde
1319 4365 1415 4415 pro
1445 4349 1699 4401 omnibus
1734 4351 2007 4403 Det'unctis

470 4449 672 4503 oratur,
700 4454 929 4507 quorum
957 4436 1161 4487 animae
1189 4437 1243 4486 in
1263 4437 1575 4503 Purgatorio
1604 4436 1925 4504 detinentur,
1955 4456 2005 4491 n.

471 4527 523 4578 3.
551 4526 847 4595 Aliquando
886 4542 949 4577 ex
974 4522 1252 4586 charitate,
1299 4522 1568 4575 interdum
1594 4542 1657 4576 ex
1682 4525 1882 4592 justitia
1909 4543 2008 4594 pro

474 4614 739 4667 defunctis
772 4629 923 4664 orare
951 4620 1193 4663 tenemur
1217 4647 1232 4672 ,
1273 4624 1324 4659 η.
1360 4610 1442 4660 tts.

579 4701 960 4755 Defunctorum
990 4700 1211 4750 nomina
1239 4696 1372 4748 olim
1401 4697 1457 4747 in
1477 4697 1639 4748 Missa
1677 4698 1851 4765 palam
1878 4699 2011 4750 reci·

471 4789 733 4849 labantur,
761 4786 856 4855 qui
884 4784 1218 4836 mosad·X11.
1245 4799 1415 4851 usque=
1437 4784 1714 4835 Saeculum
1741 4786 1928 4854 viguit,
1952 4804 2010 4837 ac

473 4886 655 4947 postea
684 4895 711 4926 a
747 4873 903 4927 Card.
941 4872 1007 4924 de
1055 4873 1263 4940 Crequy
1303 4870 1405 4922 fuit
1442 4881 1740 4935 revocatus,
1791 4874 2009 4942 ejusque

472 4964 691 5031 vestigia
717 4962 970 5030 quaedam
1002 4960 1054 5009 in
1081 4960 1311 5010 Ecclesia
1337 4967 1512 5010 extant
1535 4959 1840 5026 parisiensi,
1884 4978 1936 5011 η.
1955 4961 2008 5012 4.

581 5050 961 5100 Defunctorum
975 5045 1193 5096 Animae
1215 5045 1483 5096 Sacrificio
1498 5046 1691 5097 Missae
1718 5048 2007 5114 plurimum

474 5140 737 5205 juvantur,
769 5133 861 5186 sed
884 5134 1002 5185 aliis
1021 5150 1237 5202 quoque
1263 5133 1369 5201 piis
1397 5131 1682 5201 operibus,
1710 5141 1761 5184 et
1785 5134 2013 5185 eleemo-

477 5222 622 5290 synis
648 5220 813 5289 juvari
840 5229 1094 5287 possunt,
1124 5220 1157 5269 1.
1188 5219 1300 5270 2.c.
1332 5219 1420 5271 1‘1.
1448 5236 1503 5269 n.
1524 5219 1575 5269 3.
1604 5229 1656 5269 et
1681 5218 1930 5288 Append.
1958 5221 2009 5271 4.

481 5309 538 5359 in
564 5307 740 5376 Epist.
774 5303 850 5356 ad
875 5308 1040 5358 Pone.
1070 5305 1120 5378 5.
1154 5307 1329 5359 Unum
1355 5316 1630 5373 superest,
1681 5313 1734 5357 et
1781 5305 2013 5358 Ecclesia

2199 1210 2255 1259 in
2283 1206 2577 1278 Aragoniae
2600 1208 2799 1274 Regno,
2828 1213 2878 1256 et
2903 1203 2958 1255 in
2985 1200 3281 1256 Provinciis
3308 1200 3386 1250 illi
3416 1197 3633 1249 adnexis

2089 1296 2178 1349 die
2208 1294 2742 1349 commemorationis
2770 1291 3011 1342 omnium
3039 1289 3306 1342 Fidelium
3348 1286 3632 1338 Defuncto-

2091 1402 2206 1437 rum
2237 1384 2439 1437 dudum
2471 1402 2497 1434 a
2526 1377 2904 1435 Sacerdotibus
2931 1375 3260 1431 secularibus
3286 1375 3446 1437 duae,
3485 1392 3514 1424 a
3535 1373 3632 1428 Re·

2088 1470 2363 1539 gularibus
2394 1479 2495 1521 tres
2524 1468 2720 1520 Missae
2765 1464 3024 1518 celebrari
3074 1467 3483 1515 consueverunt.
3519 1459 3632 1529 Ap-

2082 1557 2246 1629 pend.
2275 1559 2324 1609 4.
2358 1557 2414 1609 in
2442 1556 2574 1609 Lin.
2610 1557 2801 1623 Apost.
2854 1552 2901 1626 5.
2929 1543 3033 1605 Sed
3056 1550 3195 1602 duae
3218 1588 3230 1601 .

2200 1646 2516 1699 Benedictus
2541 1643 2686 1697 XIV.
2731 1639 3028 1711 petentibus
3053 1637 3394 1692 Perdinando
3420 1637 3508 1688 vl.
3549 1634 3636 1686 tli-

2092 1733 2395 1801 spaniarum
2415 1770 2430 1795 ,
2461 1742 2511 1783 et
2539 1734 2742 1784 Joanne
2767 1732 2829 1781 V.
2858 1727 3214 1796 portugalliae
3255 1722 3485 1792 Regibus
3521 1739 3638 1791 per-

2091 1821 2275 1885 misit,
2329 1829 2383 1872 ut
2408 1819 2495 1873 die
2533 1814 3066 1870 commemorationis
3095 1813 3336 1864 omnium
3362 1810 3632 1864 Fidelium

2089 1909 2472 1961 Defunctorum
2515 1906 2709 1976 singuli
2752 1903 3060 1957 Sacerdotes
3097 1903 3153 1953 in
3195 1900 3504 1954 eorumdem
3541 1900 3637 1951 Re·

2089 2014 2212 2065 gum
2263 1995 2561 2048 ditionibus
2610 2000 3009 2046 commorantes
3036 1999 3153 2042 tres
3178 1990 3366 2041 Missas
3384 2028 3402 2054 ,
3429 1984 3633 2039 duabus

2090 2085 2247 2135 etiarn
2276 2093 2403 2152 post
2429 2081 2711 2135 meridiem
2741 2080 2893 2131 boris
2918 2076 3192 2131 celebrare
3237 2076 3435 2143 possit,
3485 2072 3639 2125 dum·

2093 2171 2261 2223 modo
2289 2189 2391 2240 pro
2419 2169 2668 2235 secunda,
2699 2177 2751 2221 et
2778 2167 2929 2220 tertia
2961 2166 3123 2218 Missa
3162 2163 3318 2230 buius
3344 2161 3536 2213 indulti
3564 2160 3639 2212 vi-

2093 2277 2221 2328 gore
2248 2258 2822 2318 celebrandis.nullam
2857 2255 3068 2323 possint
3094 2268 3430 2322 quocumque
3473 2248 3638 2302 modo

2096 2347 2483 2415 eleemosynam
2510 2345 2768 2413 accipere,
2798 2344 2944 2411 App.
2961 2341 3012 2391 4.
3036 2352 3151 2392 tota
3171 2338 3526 2391 ειῖ.3.ο.4.η.
3551 2338 3634 2389 11.

2201 2435 2306 2485 Pro
2328 2432 2430 2485 Det
2433 2433 2603 2484 unctis
2629 2431 2686 2482 in
2708 2428 2926 2499 Synodo
2955 2427 3274 2481 Dioecesana
3297 2423 3523 2477 secunda
3550 2423 3639 2476 die

2094 2519 2256 2572 Missa
2284 2501 2601 2573 celebranda
2623 2527 2730 2573 est.
2761 2520 2903 2586 App.
2935 2518 3018 2567 11.
3039 2524 3168 2584 post
3192 2511 3274 2566 tie.
3307 2513 3356 2563 1.
3383 2511 3433 2585 5.
3452 2529 3641 2564 secun-

2097 2607 2167 2660 do
2188 2645 2202 2658 .
2228 2610 2292 2659 V.
2324 2605 2574 2675 synodus
2595 2647 2608 2659 .

2204 2697 2309 2745 Pro
2336 2694 2608 2748 Defunctis
2630 2693 2842 2763 triginta
2858 2691 3053 2743 Missae
3073 2688 3262 2742 diebus
3283 2688 3495 2758 triginta
3513 2704 3639 2738 con·

2100 2784 2265 2833 tinnis
2290 2785 2431 2850 juxta
2454 2799 2657 2834 morem
2679 2800 2705 2833 a
2728 2783 2778 2834 S.
2801 2781 3063 2848 Gregorio
3092 2776 3388 2839 inductum,
3416 2775 3642 2828 celebra-

2101 2870 2145 2923 ri
2184 2878 2439 2941 possunt,
2467 2887 2639 2938 neque
2670 2869 2726 2920 id
2757 2888 2783 2920 a
2804 2870 2956 2921 Sacra
2982 2867 3192 2918 Ritnum
3221 2864 3642 2933 congregatione

2102 2958 2320 3010 vetitum
2351 2966 2460 3020 est,
2487 2974 2804 3026 quamquam
2834 2955 3016 3008 eadem
3048 2952 3330 3023 probibuit
3352 2953 3480 3003 alias
3514 2952 3644 3004 Mis·

2103 3063 2204 3109 sas,
2231 3063 2362 3113 quas
2391 3064 2417 3094 a
2439 3047 2490 3098 S.
2532 3043 2797 3112 Gregorio
2821 3040 3176 3111 appellabant,
3214 3039 3487 3103 celebrari,
3527 3040 3562 3090 l.
3592 3038 3642 3091 3.

2101 3148 2146 3185 c.
2180 3133 2264 3185 13.
2296 3149 2354 3187 n.
2377 3132 2428 3184 2.
2470 3143 2522 3184 et
2548 3132 2601 3184 3.
2630 3132 2684 3185 Si
2714 3131 2907 3201 aliquis
2934 3147 2996 3183 ex
3025 3127 3108 3181 his
3137 3126 3328 3180 diebus
3356 3125 3648 3196 impeditus

2099 3219 2277 3283 fuerit,
2304 3218 2615 3272 servandum
2657 3226 2769 3285 est,
2798 3216 2952 3287 quod
2983 3214 3047 3267 ab
3073 3214 3309 3267 Ecclesia
3336 3213 3647 3281 praescribi—

2103 3314 2223 3372 tur,
2266 3305 2337 3357 ib.

2213 3393 2584 3461 Quaecumque
2617 3392 2778 3443 Missa
2804 3407 2866 3443 ex
2903 3398 3049 3458 parte
3075 3386 3328 3441 Sacrificii
3382 3386 3644 3440 defunctis

2102 3481 2392 3548 aequaliter
2437 3481 2683 3549 prodest,
2723 3478 2814 3531 sed
2853 3495 2916 3530 ex
2959 3485 3103 3545 parte
3144 3474 3446 3527 orationum
3478 3474 3646 3544 magis

2105 3567 2324 3635 prodest
2351 3569 2459 3631 illa,
2490 3569 2542 3618 in
2567 3586 2667 3636 qua
2696 3575 2818 3618 sunt
2845 3566 3115 3616 orationes
3135 3562 3307 3615 adbuc
3333 3561 3645 3615 determina·

2103 3663 2212 3717 tae,
2253 3663 2302 3707 et
2331 3655 2535 3707 idcirco
2565 3655 2813 3707 nonnulli
2845 3654 2976 3705 olim
3006 3653 3222 3704 Missam
3251 3668 3350 3718 pro
3379 3650 3642 3704 defunctis

2102 3742 2347 3810 quotidie
2376 3743 2640 3795 celebrare
2664 3744 2977 3805 voluerunt,
3010 3740 3049 3791 1.
3075 3739 3125 3790 3.
3157 3754 3201 3789 c.
3220 3738 3308 3789 23.
3337 3755 3389 3788 n.
3415 3739 3468 3789 4.

2212 3831 2406 3882 Missae
2443 3831 2673 3900 privatae
2711 3846 2810 3897 pro
2853 3826 3127 3880 Defunctis
3181 3842 3515 3896 quacumque
3559 3824 3645 3879 die

2105 3915 2209 3968 ‹lici
2243 3927 2485 3983 possunt,
2513 3916 2831 3986 quibusdam
2863 3925 3036 3967 tamen
3066 3914 3256 3966 diebus
3276 3915 3525 3981 exceptis.
3550 3916 3647 3967 So·

2105 4005 2307 4056 lemnes
2336 4021 2479 4065 vero,
2509 4005 2617 4056 sire
2654 4003 2718 4054 ab
2758 4004 2937 4070 aliquo
2981 4010 3230 4054 testatore
3252 4002 3601 4070 praescriptae
3627 4040 3643 4066 ,

2105 4091 2213 4143 sive
2250 4091 2336 4143 die
2364 4090 2573 4156 obitus,
2614 4091 2693 4143 vel
2723 4091 3113 4159 depositionis,
3144 4090 3222 4141 vel
3251 4091 3609 4141 anniversario
3631 4127 3645 4153 ,

2106 4187 2192 4230 aut
2212 4189 2484 4247 praesente
2512 4192 2742 4246 corpore
2771 4168 3023 4230 celebrari
3053 4186 3298 4246 possunt,
3326 4176 3645 4246 quibusdam

2105 4263 2301 4333 pariter
2326 4265 2575 4332 exceptis,
2607 4282 2740 4334 quae
2769 4273 3142 4329 recensentur,
3183 4265 3220 4316 1.
3248 4264 3300 4315 3.
3329 4281 3376 4315 e.
3392 4263 3483 4317 23.
3510 4281 3562 4314 n.
3593 4263 3643 4316 ll.

2109 4364 2159 4404 et
2194 4370 2342 4421 seqq.

2216 4443 2370 4493 Nunc
2393 4440 2445 4491 in
2473 4440 2688 4493 Litteris
2724 4440 3066 4507 Apostolicis,
3093 4439 3288 4509 quibus
3315 4439 3505 4492 Altaria
3542 4440 3649 4508 pri-

2109 4528 2351 4596 vilegiata
2378 4529 2749 4580 conceduntur
2768 4565 2781 4589 ,
2822 4528 2982 4579 Missa
3010 4545 3222 4595 quoque
3252 4545 3350 4595 pro
3376 4527 3650 4579 Defunctis

2110 4614 2442 4676 decernitur;
2464 4615 2553 4666 sed
2585 4615 2626 4666 si
2657 4624 2873 4667 testator
2899 4616 3089 4682 aliquis
3116 4615 3306 4665 Missas
3336 4632 3433 4681 pro
3453 4615 3652 4667 Defun-

2110 4701 2207 4752 ctis
2236 4700 2298 4750 ad
2320 4700 2491 4752 Altare
2516 4701 2909 4770 Privilegiatum
2939 4700 3194 4752 celebrari
3230 4701 3647 4769 praescripserit,

2104 4797 2158 4839 et
2187 4797 2445 4855 tempore,
2474 4806 2581 4857 quo
2610 4788 2771 4840 Missa
2795 4805 2892 4857 pro
2919 4789 3196 4840 Defunctis
3223 4787 3289 4838 ad
3309 4787 3452 4841 idem
3479 4788 3652 4844 Altare

2111 4874 2422 4926 celebranda
2450 4884 2545 4938 est,
2573 4876 2789 4928 Festum
2818 4884 3077 4941 occurrat,
3108 4883 3193 4926 aut
3213 4876 3346 4927 alius
3367 4876 3503 4940 dies,
3539 4895 3649 4946 qno

2108 4965 2270 5015 Missa
2335 4981 2432 5030 pro
2476 4962 2748 5015 Defunctis
2779 4961 3154 5029 prohibeatur,
3190 4965 3351 5015 Missa
3379 4964 3444 5016 de
3471 4967 3652 5027 Festo,

2109 5059 2197 5101 aut
2224 5048 2289 5103 de
2312 5048 2399 5099 die
2431 5049 2726 5101 occurrenti
2761 5042 3073 5101 celebranda
3122 5058 3202 5103 est
3226 5067 3326 5118 pro
3353 5051 3653 5119 expiatione

2111 5135 2381 5197 defuncti,
2410 5135 2447 5185 Ι.
2475 5135 2525 5184 3.
2555 5151 2598 5185 c.
2625 5134 2715 5185 23.
2746 5151 2800 5184 η.
2827 5136 2880 5186 8.

2215 5222 2596 5275 Defunctorum
2608 5221 2990 5275 Cadaveranon
3004 5232 3128 5276 sunt
3146 5226 3350 5277 tumulo
3362 5223 3652 5290 inserenda,

2110 5309 2212 5360 nisi
2235 5308 2382 5376 prius
2405 5324 2503 5377 pro
2524 5308 2686 5377 ipsis,
2708 5317 2760 5361 et
2775 5326 2956 5362 coram
2986 5311 3120 5379 ipsis
3147 5312 3361 5365 Sacrum
3388 5312 3494 5377 fiat,
3520 5331 3654 5382 quae
