4487 6316
1038 498 1143 552 ³⁷0

857 635 921 699 in
950 641 1308 709 celebrando
1334 645 1551 710 Missae
1578 648 1885 714 Sacrificio
1909 651 2103 712 ullum
2134 652 2395 713 admini-

853 741 1047 793 strum
1073 735 1384 813 haberent,
1410 741 1517 821 qui
1542 742 1766 820 missali
1786 745 2039 819 assistat,
2065 746 2169 826 qui
2192 746 2399 827 pagel-

1846 508 1936 560 DE
1973 508 2455 564 SOERt)S.fflOEO
2496 511 2710 563 mssAE
2749 510 3127 568 nemmem

2504 653 2739 734 singula
2792 655 3106 737 privilegia
3136 691 3163 729 ,-
3202 675 3360 739 quae
3406 662 3746 724 Abbatibus
3793 660 4054 743 Regula·

2505 748 2666 808 rium
2686 751 2950 812 solemne
2972 772 3204 813 sacrum
3231 753 3587 825 facientibus
3608 758 3685 819 ab
3707 758 4054 819 Alexandro

858 823 947 887 las
973 830 1234 907 evolvat,
1260 834 1503 897 calicem
1526 837 1814 919 detergat,
1842 840 2156 912 vinum,·et
2176 861 2399 921 aquam
2506 844 2643 905 vlt.
2684 866 2787 925 per
2816 847 3049 908 decreta
3076 849 3628 929 generaliatradita
3657 851 3904 914 fuerunt
3931 855 4004 935 (4)
4030 900 4048 925 ,

856 917 1158 996 infundat,
1190 925 1509 1010 ipsumque
1534 931 1813 1005 Calicem,
1839 955 1975 996 cum
1999 955 2149 1015 opus
2175 945 2284 1007 est,
2312 943 2399 997 te-

853 1021 994 1092 gat,
1026 1035 1094 1078 ac
1126 1019 1379 1102 detegat.
1420 1025 1668 1088 Decreta
1705 1028 1994 1108 ejusmodi
2030 1039 2162 1109 post
2201 1030 2396 1112 Syno-

855 1106 1001 1168 dum
1028 1156 1045 1183 ,
1081 1116 1508 1186 accuratissimi
1537 1120 2156 1204 BattistelliEpiscopi
2193 1125 2400 1205 Fulgi-

860 1204 1016 1266 natis
1027 1225 1251 1271 excusa
1271 1210 1518 1275 fuerunt
1543 1214 1639 1296 (1).
1672 1215 1912 1278 Constat
1935 1226 2131 1280 tamen
2157 1218 2401 1295 Sacram

855 1294 1389 1382 Congregationem
1411 1305 1474 1366 iu
1500 1301 1636 1368 illos
1657 1309 2005 1383 Canonicos,
2035 1332 2104 1372 ac
2130 1312 2401 1394 Dignita-

858 1391 946 1451 tes
972 1392 1117 1456 haec
1141 1399 1409 1461 sanxisse
1429 1446 1446 1474 ,
1477 1421 1636 1481 quae
1662 1403 2222 1490 iustrumentocum
2257 1427 2399 1468 cau-

856 1485 993 1550 dela
1022 1489 1111 1551 uti
1139 1511 1260 1556 non
1289 1504 1578 1573 possunt;
1608 1500 2115 1578 quemadmodum
2143 1501 2265 1563 alio
2296 1503 2399 1563 de-

847 1591 1020 1645 creto
1041 1585 1410 1650 Monacellus
1435 1593 1785 1673 oemprobat
1813 1594 1877 1676 (2
1896 1595 1935 1675 ).
1970 1595 2120 1657 Nam
2147 1596 2197 1656 si
2242 1585 2399 1659 illud

854 1678 1260 1764 permittatur,
1281 1682 1555 1746 Minister
1574 1688 1743 1748 ctiam
1765 1690 1830 1749 de
1851 1691 2108 1764 candela,
2129 1691 2217 1751 uti
2240 1711 2399 1752 nun-

857 1773 1065 1852 cupari
1101 1774 1289 1850 solet,
1326 1779 1733 1843 admittendus
1763 1781 2093 1845 necessario
2134 1785 2393 1848 videtur.

859 1864 1072 1947 Itaque
1094 1913 1111 1941 ‚
1142 1861 1257 1933 sub
1286 1873 1495 1952 poenis
1517 1876 1771 1938 arbitrio
1798 1887 2002 1940 nostro
2028 1866 2358 1942 statuendis
2381 1929 2397 1957 ,

858 1960 1097 2022 nullum
1125 1962 1169 2024 ii
1199 1964 1542 2028 ministrum
1567 1969 1934 2047 adhibeant,
1981 1974 2123 2035 dum
2166 1996 2402 2037 sacrum

856 2053 1225 2138 conficiunt,
1255 2060 1478 2141 quihus
1507 2063 1676 2125 idem'
1693 2059 2160 2154 instrumentum
2186 2091 2403 2153 argen-

858 2156 1021 2240 teum
1050 2152 1299 2218 minime
1338 2151 1727 2243 conceditur3
1761 2161 1867 2240 qui
1901 2171 2095 2224 tamen
2131 2164 2245 2226 hoc
2266 2167 2406 2247 jure

856 2247 1113 2326 praediti
1135 2249 1458 2324 sunt,’licet
1484 2253 1823 2316 ministrum
1846 2255 1989 2337 ipsis
2008 2269 2125 2318 non
2151 2255 2407 2343 deneg'e-

857 2357 1014 2415 mus,
1044 2341 1250 2423 aliqua
1274 2353 1471 2408 tamen
1491 2359 1833 2429 supersunt,
1857 2352 1933 2414 de
1950 2353 2172 2434 quibus
2197 2357 2405 2438 admo-

857 2444 1136 2498 neantur.
1169 2441 1254 2500 Ac
1282 2441 1579 2519 primum;
1609 2443 1846 2523 ipsimet
1871 2444 2216 2527 perficiant,
2251 2441 2406 2529 quae

859 2528 935 2589 ad
955 2529 1205 2593 Sacrum
1232 2533 1487 2597 Calicem
1511 2547 1798 2617 spectant,
1822 2560 1958 2601 cum
1980 2561 2080 2603 eos
2104 2543 2407 2607 ministros

858 2623 1189 2705 aliquando
1215 2627 1507 2704 deferant,
1546 2632 1654 2713 qui
1683 2632 1823 2695 licet
1848 2635 2198 2698 Clerioalem
2227 2636 2404 2701 habi-

858 2725 989 2779 tum
1014 2723 1486 2801 superinduant,
1504 2746 1579 2786 ne
1607 2728 1853 2808 quidem
1881 2731 2214 2793 Tonsuram
2240 2753 2405 2795 aece-

858 2825 1099 2892 perunt.
1132 2818 1368 2879 Etenim
1390 2820 1633 2882 evenire
1655 2831 1865 2902 potest,
1889 2834 1956 2885 ut
1976 2825 2233 2888 Calicem
2261 2848 2404 2889 con-

862 2904 1099 2988 tingant
1121 2956 1136 2982 ,
1167 2911 1230 2972 in
1257 2905 1380 2992 quo
1417 2913 1637 2976 Christi
1681 2916 1937 2998 Sanguis
1984 2919 2403 2996 contineatur3

863 3007 1007 3063 tunc
1033 3008 1403 3084 praesertim,
1433 3030 1569 3071 cum
1599 3011 1796 3073 Natali
1825 3013 2068 3075 Domini
2095 3010 2230 3100 post
2258 3018 2407 3080 duas

861 3097 1092 3179 priores
1115 3101 1324 3165 Missas
1343 3103 1516 3167 Calix
1544 3105 1792 3169 minime
1818 3107 2170 3192 detergitur,
2196 3111 2260 3172 in
2284 3133 2406 3197 quo

862 3193 1081 3258 Christi
1116 3197 1370 3281 Sanguis
1396 3220 1701 3282 superesse
1731 3211 1939 3283 potest.
1985 3206 2226 3268 Certum
2262 3228 2407 3271 vero

864 3296 953 3349 est
971 3289 1130 3371 (lieet
1153 3291 1761 3357 mitiores'reeentium
1781 3298 2149 3381 Scriptorum
2171 3300 2408 3381 opinio-

864 3396 970 3442 nes
1011 3384 1179 3465 sequi
1224 3385 1505 3469 velimus)
1542 3389 1962 3465 Sacerdotibus
2005 3388 2237 3455 tantum
2268 3442 2285 3469 ,
2336 3415 2406 3458 ac

865 3475 1145 3540 Diaconis
1171 3488 1519 3562 potestatem
1546 3483 1678 3545 fieri
1708 3531 1725 3559 ,
1765 3493 1835 3546 ut
1863 3488 2041 3550 Sacra
2080 3490 2236 3551 Vasa
2265 3510 2409 3551 con-

865 3572 1100 3655 tingant
1126 3576 1489 3662 ,inquibus
1519 3579 1740 3641 Christi
1767 3580 1995 3662 Corpus
2017 3629 2035 3656 ,
2068 3572 2127 3645 e't
2155 3584 2412 3667 Sanguis

865 3665 1160 3730 habeatur
1189 3715 1206 3743 ,
1236 3671 1630 3735 Subdiaconis
1661 3674 1953 3759 tribuitur
1976 3722 1992 3749 ,
2031 3678 2176 3739 dum
2217 3679 2411 3742 Altari

866 3760 1213 3833 ministrant
1238 3812 1254 3840 ,
1288 3766 1545 3829 Calicem
1569 3778 1643 3830 ¹et
1671 3771 1955 3833 Patenam
1986 3766 2229 3854 tangere
2253 3820 2270 3849 ,
2303 3776 2409 3837 ubi

868 3855 1090 3922 Christi
1114 3859 1363 3941 Corpus,
1394 3854 1453 3924 et
1479 3862 1735 3946 Sanguis
1757 3885 1876 3926 non
1903 3866 2148 3929 suerint.
2167 3868 2416 3955 Accoly·

868 3951 943 4015 tis
968 3963 1169 4015 autem
1209 3964 1381 4018 extra
1415 3958 1637 4023 Altaris
1666 3960 2064 4022 ministerium
2092 3963 2414 4026 eademsa-

862 4040 1056 4111 cultas
1077 4050 1360 4126 traditur,
1382 4072 1522 4113 cum
1549 4054 1709 4117 Vasa
1740 4062 1908 4118 sacra
1930 4057 2006 4118 ad
2035 4056 2413 4142 Sacrificium

867 4144 1200 4232 necessaria
1250 4166 1607 4227 praeparare
1653 4149 1766 4229 ipsi
1813 4151 2090 4214 debeant.
2127 4149 2412 4216 'Tandem

868 4236 1159 4301 diuturna
1182 4239 1625 4303 consuetudine
1649 4241 1869 4305 factum
1885 4253 2007 4318 est,
2039 4253 2108 4306 ut
2132 4245 2411 4310 Ordinati

869 4354 1077 4407 ornnes
1101 4384 1117 4406 ,
1142 4343 1208 4397 'et
1250 4334 1356 4415 qui
1391 4336 1517 4398 sola
1547 4338 1836 4400 Tonsurav
1853 4336 2106 4419 praediti
2135 4351 2318 4416 sunt,
2362 4343 2413 4404 si

869 4404 1076 4510 aliqua
1103 4448 1280 4497 causa
1308 4429 1666 4505 intercedat,
1697 4431 1875 4495 Sacra
1905 4433 2093 4507 Vasa,
2132 4434 2280 4497 dum
2305 4444 2413 4500 va·

866 4543 983 4585 cua
1024 4530 1206 4596 sunt,
1252 4530 1424 4587 extra
1466 4524 1692 4605 Altaris
1732 4525 2135 4587 ministerium
2179 4530 2415 4592 contin-

871 4625 1019 4699 gant
1046 4618 1158 4699 (3).
1318 4628 1323 4635 '

992 4710 1319 4786 Postremo,
1340 4721 1410 4774 ut
1425 4713 1552 4775 ritu
1572 4715 1775 4777 omnia
1794 4722 2121 4796 pacateque
2137 4715 2311 4793 fiant,
2336 4719 2421 4782 fa-

877 4812 1074 4866 temur
1117 4824 1313 4894 aequo
1355 4806 1691 4888 libentique
1732 4809 1937 4871 animo
1975 4811 2096 4872 Nos
2141 4812 2418 4895 excipere

1054 5106 1142 5183 (1)
1162 5114 1283 5184 pag.
1310 5112 1435 5170 23⁸.
1457 5128 1509 5171 et
1532 5117 1657 5170 aso.
1718 5084 1722 5089 ’

1051 5182 1145 5274 12)
1169 5205 1306 5257 Part.
1338 5208 1386 5256 1.
1413 5208 1493 5258 tit.
1521 5205 1575 5257 2.
1605 5209 1820 5287 formul.
1848 5208 1899 5260 4.
1930 5208 2047 5262 ωδ.
2071 5227 2220 5263 num.
2245 5210 2336 5264 28.

1057 5291 1145 5362 (8)
1177 5294 1367 5346 Suarez
1393 5294 1448 5353 in
1476 5293 1526 5345 8.
1559 5305 1691 5364 part.
1732 5297 1797 5347 Ι).
1840 5297 2084 5352 Thomas
2110 5310 2239 5351 tom.
2264 5301 2316 5351 8.
2345 5300 2425 5353 di-

2445 973 2455 1062 Ι
2507 957 2782 1020 quaeque
2807 950 2940 1021 post
2966 932 3284 1024 Syn'odum
3303 944 3640 1026 Cardinalis
3664 948 3870 1012 Jacobi
3904 950 4056 1010 Bon-

2504 1036 2819 1120 compagni
2852 1036 3136 1116 impressa
3159 1039 3460 1119 leguntur.
3491 1042 3767 1105 Attamen
3789 1044 4054 1124 aegerri-

2505 1148 2602 1188 me
2649 1139 3020 1209 pateremur,
3059 1132 3107 1192 si
3146 1133 3207 1192 in
3234 1132 3429 1195 Missis
3451 1127 3925 1210 PontificalibuS,
3945 1148 4059 1200 aut

2506 1221 2758 1300 privatis
2787 1243 2857 1284 ea
2889 1224 3287 1307 negligerent,
3315 1239 3472 1309 qua'e
3498 1230 3578 1291 ab
3611 1229 3823 1291 iisdem
3850 1231 4057 1293 decre-

2509 1315 2584 1380 tis
2601 1318 3075 1396 perscribuntur.
3102 1321 3267 1382 Inter
3291 1322 3607 1404 privilegia
3634 1322 3783 1385 illud
3806 1344 4058 1387 enume-

2506 1419 2676 1472 ratur
2712 1412 2800 1492 (5)
2832 1433 2847 1472 ε
2897 1399 3259 1496 Ροηιίῥέαίοε
3300 1418 3696 1478 benedictiones
3726 1438 3854 1479 cum
3898 1422 4060 1481 trina

2511 1504 2711 1566 Crucis
2731 1509 3096 1587 productione
3122 1513 3183 1570 in
3216 1510 3413 1594 Missis
3444 1523 3666 1573 tantum
3693 1512 4057 1595 Pontificali-

2507 1602 2628 1670 bus,
2651 1622 2748 1661 ucc
2774 1623 2887 1661 non
2919 1602 3188 1683 Vesper-is,
3221 1616 3269 1664 et
3299 1605 3616 1667 Matutim‘s
3641 1606 4064 1690 pontificaliter

2505 1696 2709 1755 itidem
2724 1697 3010 1757 celebratis
3037 1698 3196 1757 licere
3216 1701 3325 1758 sibi
3347 1710 3592 1771 tantum,
3607 1704 3939 1762 meminerit.
3973 1702 4057 1763 tl-

2507 1787 2612 1850 lnd
2644 1809 2786 1852 vero
2815 1790 2958 1871 ipsis
2985 1792 3363 1855 interdicitur
3392 1793 3509 1876 (6)‘:
3543 1794 3613 1856 In
3640 1795 3840 1857 Missis
3865 1801 4059 1886 priva-

2507 1887 2579 1945 tis
2606 1882 2792 1964 q'uoad
2825 1887 3177 1958 immuta,
3202 1879 3597 1960 caeremonias,
3620 1890 3924 1955 Ministro:
3948 1891 4061 1952 Al-

2511 1982 2653 2054 laris
2679 1992 2966 2052 ornatum,
2997 1994 3047 2041 ct
3077 1984 3467 2044 benedictionis
3491 1986 3847 2069 larqitiouem
3866 2008 3904 2048 a
3920 1989 4063 2060 sim-

2500 2077 2648 2156 plici
2670 2074 2969 2136 Sacerdote
2991 2098 3103 2136 non
3126 2079 3455 2158 discrepent.
3484 2079 3844 2141 Procurator
3865 2080 4065 2144 Gene-

2510 2169 2655 2230 ralis
2672 2169 2920 2230 Ordinis
2937 2170 3304 2234 Cassinensis
3323 2181 3533 2235 contra
3550 2174 3841 2255 ejusmodi
3863 2175 4067 2237 decre-

2512 2270 2663 2336 tum,
2688 2272 2947 2324 veterem
2967 2266 3482 2339 consuetudinem,
3500 2259 3876 2347 et'peculiari
3899 2270 4064 2348 qua!-

2513 2357 2654 2430 dam
2684 2349 3245 2440 privilegia‘Sacrae
3270 2360 3730 2444 Congregationi
3760 2362 4012 2442 protulit
4041 2409 4064 2436 ,

2510 2470 2668 2532 quae
2696 2460 2893 2512 tamen
2920 2451 3019 2512 die
3047 2456 3145 2513 20.
3173 2453 3319 2513 Julii
3344 2472 3506 2515 anno
3532 2459 3704 2516 1660.
3732 2455 4061 2535 respondit:

2509 2546 2846 2607 servandum
2876 2566 2982 2606 csse
3027 2546 3304 2607 decretum
3344 2549 3507 2628 quod
3538 2549 3868 2611 Alexandri
3911 2550 4053 2611 vll.

2511 2640 2865 2702 auctoritate
2891 2640 3313 2704 confirmatum
3340 2642 3475 2705 fuit.
3504 2643 3709 2717 Quare
3726 2643 3935 2717 sedulo
3960 2663 4064 2706 ca-

2511 2743 2692 2797 veant
2725 2725 3007 2809 Abbates,
3042 2744 3111 2797 ut
3142 2735 3355 2798 manus
3380 2738 3659 2811 dextera,
3693 2753 3849 2819 quae
3879 2739 4064 2800 bene-

2511 2829 2802 2892 dictiones
2829 2829 2892 2889 in
2933 2829 3128 2892 Sacris
3172 2831 3542 2893 solemnibus
3581 2832 3879 2912 impertiri
3912 2851 4061 2894 con·

2509 2925 2705 2985 suevit
2730 2970 2747 2998 ,
2777 2922 2956 2985 semel
2986 2932 3223 2986 tantum
3254 2925 3484 3005 Populo
3529 2913 3842 3012 benedicat
3867 2950 3899 3000 ,τ
3920 2946 4062 2988 cum

2509 3018 2795 3099 privatim
2818 3017 3191 3079 Sacrificium
3215 3019 3542 3080 celebrant.
3570 3019 3641 3081 Id
3666 3039 3810 3102 vero
3831 3020 4064 3090 nonita

2511 3111 2752 3174 difficile
2778 3110 3016 3173 videtur
3041 3157 3058 3185 ,
3100 3131 3238 3173 cum
3282 3113 3392 3194 ipsi
3421 3132 3592 3176 more
3622 3113 4060 3207 Episcopomm

2510 3206 2802 3268 solemnia
2830 3205 3025 3267 facere
3065 3206 3229 3267 haud
3269 3208 3503 3279 crebro,
3549 3206 4065 3305 juthontiflcis

2512 3301 2778 3383 ejusdem
2802 3301 3059 3374 decreta,
3098 3300 3503 3381 permittatur.
3820 3300 3827 3313 “’

2865 3574 2871 3586 .
2977 3532 3377 3637 ΐΑΡΡΕΝΙΠΧ
3411 3533 3583 3594 ΧΧῙ.

2518 3750 2901 3833 Quamquam
2928 3750 3074 3812 haec
3096 3795 3113 3823 ,
3143 3768 3329 3830 quam
3355 3748 3763 3811 subnectimus
3781 3795 3798 3823 ,
3826 3749 4066 3831 Episto-

2540 3868 2545 3873 ’
2598 3845 2658 3908 la
2684 3844 2915 3906 Summi
2947 3842 3254 3909 Pontificis
3279 3889 3296 3917 ,
3333 3843 3489 3906 nihil
3531 3843 3793 3907 illustret
3825 3844 3900 3906 de
3942 3844 4021 3905 iis
4042 3891 4063 3918 ,

2597 3958 2754 4020 quae
2783 3939 2848 4000 in
2875 3926 3155 4000 Tractatu
3179 3937 3469 4019 loquutus
3496 3948 3584 3999 est
3608 3959 3623 4011 ;
3656 3939 3943 4018 quoniam
3970 3946 4067 4001 ta·-

2597 4052 2734 4095 men
2762 4032 3064 4114 peculiare
3090 4026 3380 4113 punctum
3404 4031 3823 4095 celebrationis
3852 4031 4071 4113 Missae

2598 4127 2661 4187 in
2692 4146 2763 4193 ea
2790 4127 3091 4193 evolvitur
3118 4173 3136 4201 ,
3173 4135 3357 4207 atque
3396 4125 3799 4190 eruditissime
3830 4135 4065 4207 pertra-

2598 4230 2825 4295 ctatur,
2856 4221 2999 4283 hinc
3026 4241 3138 4301 nos
3159 4228 3392 4303 gratam
3421 4239 3549 4282 rem
3578 4220 4067 4303 facer-electori-

2602 4317 2715 4378 bus
2741 4315 2853 4378 visi
2883 4318 3113 4389 sumus,
3140 4315 3189 4377 si
3215 4335 3349 4378 eam
3369 4314 3512 4377 huic
3530 4314 3832 4378 Tractatui
3853 4314 4070 4396 adjun-

2601 4429 2832 4494 gamus.

2523 4626 2789 4708 Epistola
2817 4618 3177 4688 Sanctissimi
3207 4625 3445 4689 Domini
3468 4625 3683 4688 Νοετπ·ι
3709 4600 3949 4691 BENE
3953 4624 4071 4686 DI-

2607 4719 2741 4782 CT!
2761 4720 3040 4781 PAPAE
3071 4720 3162 4780 X!
3170 4719 3229 4779 V.
3261 4721 3337 4781 ad
3372 4714 3907 4799 Reverendissimum
3947 4719 4064 4779 Do-

2517 4860 2521 4869 .
2601 4809 2825 4885 mitium
2848 4816 3139 4917 [qualium
3182 4814 3410 4877 Realem
3444 4816 3698 4895 primm
3733 4813 4070 4929 Pontificiu-

2526 5132 2609 5175 tus
2635 5122 2699 5174 ad
2724 5119 2938 5176 Rubrio.
2964 5121 3199 5174 Missalis'
3226 5128 3357 5189 part.
3377 5118 3428 5169 2.
3460 5117 3537 5171 tit.
3570 5121 3617 5170 1.
3648 5113 3778 5169 dub.
3806 5117 3858 5168 6.
3886 5107 3983 5167 lib.
4013 5117 4069 5166 6.

2525 5214 2597 5264 La
2625 5211 2789 5265 Croix
2817 5229 2931 5279 pag.
2958 5210 3014 5264 2.
3044 5227 3193 5262 num.
3224 5209 3349 5270 837.
3377 5216 3429 5259 et
3454 5203 3818 5277 sequentibus.

2694 5292 2800 5367 (ὃ)
2829 5295 2929 5350 uie
2959 5297 3049 5350 17.
3081 5294 3350 5366 Septemb.
3389 5290 3539 5345 anno‘
3571 5294 3731 5373 fiili).
3771 5298 3825 5344 et
3859 5288 3949 5343 die
3970 5288 4066 5341 20.

877 5388 1016 5446 sput.
1046 5379 1134 5431 81.
1164 5390 1289 5434 sect.
1318 5380 1371 5432 8.
1399 5379 1700 5454 §.tertium
1738 5386 2066 5452 exemplum.
2103 5387 2425 5456 Pasqualgus
2522 5386 2649 5441 Jutii
2678 5403 2818 5438 anno
2861 5386 3017 5438 1660.
3874 5358 3920 5405 .

877 5465 945 5518 da
972 5467 1175 5520 sacrifi.
1205 5484 1331 5521 nov.
1361 5469 1493 5539 legis
1520 5479 1718 5539 quaest.
1751 5471 1878 5526 887.
1919 5490 2013 5542 per
2053 5482 2232 5525 totam.
2263 5473 2426 5544 Quar·
2466 5498 2474 5509 ·

2705 5463 2795 5547 (tt)
2821 5475 2888 5528 ru
2909 5473 3146 5528 neentis
3170 5487 3309 5524 ..nno
3330 5470 3496 5530 ,mse
3526 5467 3575 5541 5.
3604 5465 3690 5518 1³.
3719 5464 3809 5534 (s)
3836 5464 3885 5538 §-
3909 5463 3998 5516 ει.
