4487 6316
1642 542 1867 594 RERUM
1907 537 2332 594 moncatum

417 700 720 768 Scriptores
748 707 822 749 est
857 695 1522 758 muliebr-sindnmsntum
1577 705 1745 749 totum
1776 715 1974 766 corpus

420 799 621 855 tegens.
648 789 857 840 Nomen
888 788 1038 838 traxit
1068 806 1095 837 a
1125 787 1286 838 fascia
1311 786 1376 838 ad
1403 787 1519 854 ejus
1547 803 1697 836 oram
1751 787 1979 837 circum-

420 876 604 937 ducts,
632 893 768 944 quae
796 876 942 926 Stola
999 875 1277 927 dicebatur
1297 909 1312 935 ,
1342 875 1377 926 1.
1410 876 1459 925 1.
1486 891 1533 927 c.
1578 875 1633 927 8.
1688 890 1741 925 n.
1771 877 1822 925 6.
1850 876 1979 927 Ora-

420 968 558 1017 rium
586 982 804 1033 quoqne
831 963 1139 1027 dicebatur,
1171 981 1225 1014 n.
1253 963 1306 1015 7.
1336 977 1392 1016 ee
1412 964 1467 1017 8.

532 1054 712 1104 Stolae
768 1070 895 1103 usus
924 1053 978 1102 in
1004 1052 1242 1104 Ecclesia
1270 1053 1676 1120 antiquissimus
1725 1060 1821 1103 est.
1849 1053 1975 1102 Eam

422 1156 666 1208 semper,
695 1149 747 1192 et
774 1140 974 1207 ubique
999 1139 1289 1207 Episcopi,
1316 1148 1370 1192 et
1394 1139 1729 1207 Presbyteri,
1772 1158 1832 1191 ac
1858 1141 1979 1192 Dia·

424 1230 548 1280 coni
581 1228 759 1297 primo
782 1226 1159 1280 ordinationis
1184 1243 1327 1277 anno
1355 1227 1645 1295 gestabant,
1671 1244 1832 1294 quem
1865 1243 1979 1278 mo-

426 1332 535 1365 rem
567 1332 708 1366 nunc
756 1315 903 1365 solus
931 1316 1200 1365 Romanus
1226 1314 1477 1366 Pontifex
1530 1315 1748 1378 retinet,
1781 1315 1815 1364 1.
1848 1315 1894 1364 1.
1927 1331 1976 1366 c.

424 1402 475 1453 8.
505 1420 559 1453 η.
589 1404 642 1458 8.
670 1414 723 1454 et
747 1405 801 1453 9.
826 1404 972 1454 Olim
1002 1404 1147 1454 Stola
1179 1403 1395 1471 longior
1421 1411 1548 1454 erat.
1577 1405 1630 1455 S.
1658 1404 1975 1472 Fulgentius

422 1509 537 1542 eam
567 1509 837 1560 nunquam
862 1491 1111 1558 gestavit,
1140 1490 1216 1542 ib.

539 1582 684 1632 Stola
713 1596 870 1632 suave
894 1579 1094 1632 Christi
1141 1581 1352 1647 juguni,
1377 1586 1430 1631 et
1458 1579 1693 1646 vincula,
1745 1580 1943 1650 quibus
1964 1617 1981 1645 ,

424 1668 553 1719 dnm
583 1686 793 1720 crucem
850 1669 1037 1730 ferret,
1067 1669 1309 1733 alligatus
1337 1669 1465 1735 fuit,
1519 1678 1675 1738 atque
1727 1670 1982 1722 obedien·

422 1757 547 1806 tiam
582 1756 849 1824 significat
869 1792 886 1820 ,
914 1755 952 1806 1.
986 1758 1033 1818 1.
1064 1772 1112 1807 c.
1144 1758 1226 1806 10.
1257 1773 1309 1806 n.
1337 1758 1390 1807 7.
1419 1767 1472 1807 ee
1498 1757 1549 1807 8.
1569 1757 1730 1810 Collo
1758 1758 1982 1809 circum·

422 1844 662 1895 ducenda
712 1851 823 1906 est,
853 1859 962 1893 non
1018 1841 1073 1893 in
1107 1842 1359 1895 humeros
1388 1842 1629 1910 pendens
1674 1843 1980 1911 rejicienda.

421 1929 799 1981 Diversimode
825 1931 1096 1992 Diacono,
1128 1929 1434 1995 San-erdoti,
1463 1939 1512 1981 et
1540 1931 1815 1999 Episcopo
1843 1940 1982 1999 apta·

425 2025 528 2069 tur.
559 2019 809 2070 Dextrum
831 2055 846 2081 ,
876 2026 929 2070 et
956 2019 1232 2069 sinistrum
1262 2019 1396 2070 latus
1423 2027 1615 2081 ornat,
1643 2018 1789 2086 quud
1820 2020 1983 2085 signi-

425 2107 546 2156 ficat
578 2106 917 2158 Sacerdotem
948 2106 1001 2157 in
1036 2109 1310 2174 prosperis
1334 2143 1349 2169 ,
1376 2116 1423 2159 et
1454 2105 1688 2159 adversis
1719 2125 1814 2175 per
1839 2126 1981 2160 arma

424 2195 660 2261 justitiae
691 2196 881 2246 sortem
906 2210 1021 2246 esse
1049 2194 1262 2246 debere:
1293 2194 1579 2260 colligatur
1596 2196 1836 2264 cingulo,
1854 2198 1980 2265 quia

424 2281 645 2332 virtutes
673 2281 958 2332 virtutibus
986 2280 1330 2347 adjuvantur,
1361 2280 1430 2332 ib.

534 2369 735 2420 Stolam
766 2369 970 2420 coloris
1000 2371 1373 2422 convenientis
1420 2368 1645 2422 induere
1673 2369 1869 2423 debent
1898 2373 1984 2422 Sa·

425 2455 702 2520 cerdotes,
743 2474 864 2507 cum
892 2457 1273 2509 Eut-baristiaun
1304 2458 1425 2508 aliis
1475 2459 1810 2522 ministrant,
1863 2459 1901 2510 1.
1924 2459 1981 2510 8.

430 2561 478 2595 c.
512 2545 595 2595 18.
625 2562 679 2596 n.
710 2545 798 2597 12.
826 2557 879 2598 ee
904 2563 949 2597 e.
981 2547 1066 2597 19.
1094 2563 1147 2596 n.
1206 2547 1251 2595 1.
1282 2555 1334 2598 et
1360 2563 1480 2597 cum
1508 2546 1889 2598 Eucharistiam
1918 2546 1983 2599 ab

430 2633 539 2682 alio
569 2632 857 2685 Sacerdote
884 2634 1182 2700 accipiunt,
1213 2650 1259 2684 c.
1295 2634 1377 2683 17.
1408 2650 1462 2683 n.
1501 2636 1585 2684 10.

537 2719 914 2773 subdiaconus
940 2722 1236 2791 Epistolam
1269 2721 1322 2771 in
1352 2723 1514 2772 Missa
1565 2722 1794 2773 solemni
1826 2722 1983 2773 canit.

421 2809 487 2858 V.
520 2807 795 2877 Epistola.

973 2982 1419 3035 substratorium.

537 3157 959 3210 substratorium
1016 3157 1215 3210 dicitur
1264 3139 1454 3212 Altaris
1507 3161 1729 3212 linteum
1757 3196 1773 3224 ,
1826 3177 1986 3230 super

426 3266 537 3316 qno
565 3250 862 3314 Corporale
890 3249 1213 3315 explicatur,
1243 3249 1276 3298 I.
1311 3250 1357 3298 1.
1388 3266 1434 3299 c.
1464 3250 1499 3299 ⁸
1542 3266 1596 3300 n.
1626 3250 1679 3301 5.

535 3335 879 3388 Sudariulum
908 3337 1043 3388 oliui
1075 3339 1331 3406 niatiipuli
1361 3338 1486 3388 loco
1514 3335 1883 3390 adhibebatur.
1912 3339 1981 3389 V.

425 3423 768 3493 Nanipulus.

1026 3598 1381 3671 &affe-agium.

533 3774 810 3841 Suffragia,
829 3793 963 3842 qnae
992 3791 1090 3843 pro
1118 3793 1228 3827 uno
1252 3778 1519 3830 Defuncto
1549 3780 1700 3838 fiunt,
1731 3780 1856 3831 buic
1878 3797 1984 3829 ma·

421 3862 531 3931 gis,
560 3881 717 3932 quain
748 3863 875 3915 aliis
898 3873 1154 3930 prosunt,
1187 3865 1305 3916 1:23.
1335 3883 1384 3918 c.
1411 3864 1500 3917 22.
1530 3884 1585 3918 ιι.
1618 3870 1701 3919 ss.

1066 3987 1346 4057 Superior.

537 4128 798 4195 Superior
849 4136 1023 4195 potest
1053 4129 1326 4199 Sacerdoti
1357 4128 1460 4179 sibi
1492 4129 1733 4195 subjecto
1787 4132 1984 4200 praeci-

423 4234 568 4286 pere,
598 4224 652 4267 ut
683 4217 897 4268 Missam
926 4216 1080 4279 hnic,
1110 4220 1192 4270 rel
1240 4219 1317 4269 illi
1349 4219 1612 4271 Personae
1641 4220 1889 4288 applicet.
1918 4222 1981 4271 V.

424 4304 768 4373 Applicaeio.
799 4306 1119 4373 Regulam.

962 4431 1442 4502 Superpelliceum.

529 4568 914 4640 Seiperpellicei
970 4587 1095 4622 usus
1125 4587 1221 4622 cur
1247 4569 1397 4621 albae
1436 4570 1754 4622 substitutus
1799 4569 1864 4621 sit
1917 4572 1977 4621 V.

422 4658 590 4708 Atha.
635 4658 1035 4724 Superpelliceo
1088 4659 1306 4709 indutus
1338 4662 1402 4708 sit
1435 4660 1692 4710 Sacerdos
1714 4698 1731 4724 ,
1760 4659 1851 4727 qni
1883 4660 1979 4709 Eu·

419 4744 545 4797 char
570 4746 727 4796 stiam
751 4752 892 4798 extra
913 4748 1127 4799 Missam
1158 4749 1442 4811 ministrat,
1473 4749 1508 4798 Ι.
1538 4748 1588 4800 3.
1619 4765 1669 4799 c.
1694 4749 1780 4798 18.
1808 4764 1862 4797 n.
1895 4747 1977 4798 12.

421 4844 473 4884 et
499 4850 545 4884 c.
578 4835 661 4884 19.
692 4851 741 4886 n.
777 4835 824 4885 1.

530 4920 751 4989 Suscipe
779 4924 976 4975 Sancte
1008 4924 1181 4975 Pater
1203 4935 1303 4975 ete.
1334 4921 1535 4975 dicitnr
1562 4924 1615 4974 iu
1646 4923 1853 4975 hostiae
1880 4922 1975 4974 ob-

420 5007 619 5059 latione
642 5045 657 5070 ,
684 5020 733 5060 et
765 5010 915 5076 plura
943 5011 1213 5075 continet,
1241 5027 1375 5080 quae
1398 5012 1750 5081 explicantur,
1784 5013 1818 5063 1.
1839 5010 1896 5063 2.
1926 5028 1972 5062 c.

423 5096 508 5145 10.
537 5112 589 5145 n.
624 5097 670 5145 1.
700 5108 752 5147 ee
775 5096 829 5148 2.

528 5182 749 5252 suscipe
777 5187 976 5238 sanem
1016 5186 1258 5239 Trinitas
1308 5187 1455 5239 hunc
1482 5187 1821 5240 oblationem
1872 5201 1970 5239 etc.

419 5269 618 5321 dicitnr
666 5271 719 5322 in
752 5274 931 5324 medio
978 5274 1135 5327 Altari
1170 5285 1292 5343 post
1345 5278 1626 5345 psalmum.
1658 5275 1881 5329 lavabo
1908 5278 1970 5325 V.

428 5359 641 5414 Oratio.

3347 541 3449 595 ὁδί

2696 696 3002 765 Suspensi·-

2187 871 2607 941 Suspensionem
2635 875 2876 926 Romano
2903 872 3152 926 Pontifici
3208 883 3520 926 reservatam
3552 876 3632 927 in·

2078 962 2277 1024 currit,
2302 961 2396 1031 qui
2452 963 2669 1030 pinguia
2696 962 2965 1031 stipendia
3013 963 3069 1012 in
3101 977 3205 1013 una
3231 963 3473 1015 Dioecesi
3531 983 3631 1032 pro
3683 988 3688 994 ·

2077 1050 2258 1100 Missis
2285 1048 2619 1101 celebrandis
2646 1051 2886 1117 colligit,
2915 1058 2967 1101 et
2991 1052 3183 1102 Missas
3206 1051 3258 1100 in
3289 1051 3445 1102 aliam
3473 1052 3630 1104 Dioe·

2077 1138 2241 1189 cesiin
2272 1154 2371 1204 pro
2402 1138 2601 1189 minori
2630 1139 2902 1207 stipendio
2930 1138 3271 1191 celebrandas
3294 1143 3623 1202 transmittit,

2079 1224 2116 1275 1.
2142 1223 2192 1275 3.
2223 1223 2280 1273 in
2310 1226 2471 1276 Brev.
2498 1226 2688 1291 Apost.
2712 1237 2834 1294 pose
2880 1242 2926 1276 c.
2953 1226 3040 1276 22.
3070 1224 3118 1298 5.
3153 1229 3204 1276 ὅ.

2187 1314 2636 1380 suspensionem,
2692 1331 2800 1364 non
2832 1325 3002 1366 tamen
3058 1317 3177 1382 ipso
3206 1314 3349 1380 jure,
3401 1313 3628 1367 incurrit

2079 1400 2360 1462 Sacerdos,
2387 1400 2479 1470 qui
2509 1411 2752 1470 coeptam
2777 1404 2993 1454 Missam
3026 1413 3146 1469 post
3167 1403 3627 1455 consecrationem

2079 1489 2195 1542 sine
2221 1489 2458 1558 legitima
2483 1507 2637 1541 causa
2665 1489 2919 1554 dimittit,
2951 1490 2986 1542 1.
3016 1492 3065 1542 3.
3097 1507 3144 1540 c.
3178 1489 3259 1541 ss.
3289 1507 3346 1543 ιι.
3371 1488 3429 1541 2.

2680 1613 3013 1684 Symbolum.

2190 1752 2504 1822 Symbolum
2537 1763 2658 1822 post
2684 1755 3025 1826 Evangeliurn
3057 1754 3111 1804 in
3155 1754 3314 1806 Missa
3344 1756 3590 1808 recitatur
3609 1792 3626 1820 ,

2080 1852 2132 1895 et
2160 1843 2224 1893 ab
2252 1861 2319 1894 eo
2373 1842 2613 1894 tidelium
2631 1879 2645 1904 ,
2675 1861 2766 1895 seu
2795 1844 3259 1896 sacramentorum
3285 1844 3449 1894 Missa
3492 1845 3629 1896 olim

2086 1931 2405 2001 incipiebat,
2435 1933 2472 1982 l.
2500 1932 2552 1983 2.
2585 1949 2628 1983 c.
2656 1933 2708 1983 8.
2732 1949 2786 1983 η.
2811 1933 2857 1985 1.
2881 1932 3088 1983 Iudicat
3135 1931 3344 1998 signum
3364 1970 3383 1997 ,
3410 1949 3501 1984 seu
3531 1941 3630 1983 tes·

2082 2037 2284 2082 serani,
2329 2037 2432 2086 qua
2458 2018 2673 2071 Fideles
2699 2018 2765 2069 ab
2794 2017 3107 2070 Intidelibus
3142 2028 3525 2084 secernuntur,
3555 2022 3636 2070 in-

2083 2119 2189 2158 star
2217 2109 2354 2175 signi
2387 2109 2657 2170 militaris,
2687 2109 2766 2158 rel
2789 2106 3124 2175 syngraphae
3152 2116 3473 2171 contractus,
3499 2125 3554 2159 n.
3580 2108 3632 2159 2.

2192 2196 2432 2262 Quattuor
2456 2204 2579 2252 sunt
2608 2194 2876 2263 Symbola:
2908 2194 3294 2260 Apostolivum,
3321 2197 3634 2260 Nicgienum,

2081 2284 2762 2352 Constantinopolitanum,
2791 2295 2838 2335 et
2860 2282 3265 2334 Athanasianum
3295 2302 3321 2332 a
3343 2284 3394 2333 S.
3415 2283 3637 2335 Athana·

2085 2370 2168 2421 sio
2197 2372 2581 2439 compositum.
2610 2371 2755 2422 Inter
2783 2387 2839 2422 se
2869 2369 3197 2423 conveniunt
3220 2368 3313 2421 sed
3341 2371 3636 2423 secundum

2085 2468 2268 2516 contra
2296 2456 2547 2510 Arrianus
2565 2495 2580 2521 ,
2609 2458 2818 2510 tertium
2862 2467 3045 2510 contra
3072 2456 3488 2508 Macedonianos
3538 2457 3639 2509 cla-

2087 2547 2197 2598 rius
2225 2549 2577 2615 explicarunt,
2605 2564 2738 2615 quae
2763 2547 2818 2596 in
2850 2547 3029 2616 primo
3056 2545 3416 2608 continentur,
3444 2545 3482 2596 Ι.
3506 2544 3558 2595 2.
3588 2560 3636 2595 e.

2084 2638 2135 2685 8.
2164 2652 2217 2685 n.
2247 2637 2298 2687 ³.

2195 2721 2510 2790 Symbolum
2538 2720 2908 2791 Apostolicum
2947 2718 3013 2772 ab
3039 2718 3312 2790 Apostolis
3362 2716 3635 2788 composi·

2088 2819 2198 2861 tum
2227 2811 2328 2861 suit
2352 2828 2582 2880 quorum
2614 2826 2760 2861 suam
2810 2809 3041 2878 quisque
3068 2807 3383 2867 sententiam
3411 2807 3468 2856 in
3499 2805 3635 2857 illud

2087 2899 2345 2958 contulit,
2375 2898 2410 2949 Ι.
2443 2897 2502 2948 2.
2553 2914 2602 2948 c.
2635 2896 2718 2948 12.
2748 2914 2802 2946 n.
2831 2897 2882 2949 6.
2910 2895 3075 2948 Initio
3127 2912 3236 2945 non
3292 2895 3394 2945 t'uit
3444 2893 3633 2945 litteris

2087 2985 2541 3048 commendatum,
2559 3002 2626 3035 ne
2658 2985 2711 3034 in
2745 3000 2930 3034 manns
2954 2982 3163 3035 caderet
3183 2982 3510 3035 lufidelium.
3533 2980 3635 3033 An·

2088 3081 2138 3126 ts
2163 3074 2575 3127 Constantinum
2630 3073 2776 3124 solus
2806 3071 3168 3124 Tertullianus
3197 3070 3265 3124 de
3316 3071 3412 3121 illo
3442 3069 3637 3121 nonni·

2087 3160 2168 3213 hit
2196 3165 2398 3231 aufigit,
2426 3179 2474 3214 c.
2503 3164 2553 3213 8.
2583 3180 2635 3211 n.
2664 3163 2695 3211 t

2195 3252 2487 3303 Nicaenum
2540 3251 2700 3302 osius
2725 3248 3095 3301 Cordubensis
3137 3249 3348 3300 Patrum
3376 3248 3634 3300 Nica-eno-

2085 3354 2202 3388 rum
2231 3339 2379 3405 jussu
2407 3338 2742 3404 composuit,
2771 3339 2806 3387 l.
2834 3335 2887 3386 2.
2915 3353 3037 3400 cap.
3065 3336 3116 3385 8.
3144 3352 3293 3385 num.
3322 3336 3373 3386 ὅ.

2189 3425 2849 3491 constantinopolitannm
2891 3424 2944 3474 in
2973 3422 3226 3475 Concilio
3252 3421 3630 3474 Constantino·

2084 3514 2327 3584 politsno
2355 3514 2422 3566 11.
2475 3531 2504 3565 s
2531 3514 2580 3565 S.
2613 3513 2877 3577 Gregorio
2901 3511 3235 3565 Nazianzeno
3261 3511 3626 3578 compositum

2083 3603 2248 3654 fuisse
2275 3601 2503 3661 dicitur.
2527 3610 2580 3653 et
2624 3601 2678 3650 in
2709 3600 2870 3650 Missa
2898 3600 3176 3661 recitatur,
3224 3614 3335 3648 uon
3386 3597 3508 3665 qnia
3560 3596 3632 3648 sit

2087 3691 2326 3742 Musicae
2352 3688 2947 3753 acconiodatissiinum,
2978 3686 3070 3739 sed
3097 3686 3223 3755 quia
3248 3688 3494 3738 Haereses
3545 3686 3624 3736 di·

2082 3779 2275 3830 sertius
2325 3778 2543 3839 evertit,
2582 3777 2620 3827 l.
2645 3775 2702 3827 2.
2726 3793 2773 3826 c.
2798 3777 2849 3826 8.
2877 3791 2929 3825 n.
2959 3776 3009 3827 6.
3037 3775 3096 3826 ln
3126 3776 3357 3826 Romana
3389 3773 3624 3826 Ecclesia

2082 3868 2258 3917 sotum
2289 3864 2560 3917 Benedicti
2589 3865 2729 3918 vm.
2784 3872 3024 3933 tempore
3042 3898 3057 3925 ,
3085 3863 3313 3915 ilenrico
3340 3862 3628 3930 Imperato-

2086 3974 2140 4007 re
2169 3963 2388 4021 rogante
2407 3989 2422 4016 ,
2453 3953 2506 4003 in
2536 3954 2698 4005 Missa
2727 3951 2933 4005 recitari
2963 3951 3178 4019 coepit,
3205 3968 3257 4000 n.
3284 3950 3340 4000 7.

2194 4044 2530 4110 Quamquam
2584 4042 2722 4093 forte
2773 4049 2891 4092 ante
2941 4037 3186 4092 eumdem
3214 4035 3526 4089 Pontificem
3572 4037 3630 4086 in

2084 4130 2321 4180 Romana
2344 4128 2577 4180 Ecclesia
2599 4126 2806 4179 recitari
2835 4133 3205 4188 consueverat,
3231 4133 3284 4176 et
3309 4122 3406 4175 sub
3434 4123 3627 4176 eodem

2084 4219 2281 4269 cantari
2338 4217 2547 4283 coepit,
2578 4216 2807 4268 Hem-ico
2858 4214 3162 4283 postulante
3210 4231 3263 4264 n.
3294 4213 3346 4264 9.
3374 4223 3427 4263 ee
3454 4211 3625 4263 10.1ιι

2081 4305 2365 4373 Hispania,
2410 4304 2609 4370 Gallia,
2656 4313 2706 4357 et
2730 4303 3012 4356 Germania
3051 4309 3197 4352 antea
3226 4301 3282 4351 in
3309 4299 3474 4352 Missa
3502 4301 3631 4349 reci·

2085 4394 2306 4446 tabatur:
2365 4395 2533 4445 inulto
2584 4401 2702 4444 ante
2746 4392 2884 4461 npiul
2915 4392 3214 4444 Orientales
3235 4427 3250 4452 ,
3302 4406 3459 4458 qnaun
3489 4387 3630 4454 apud

2083 4481 2455 4534 occidentales
2501 4480 2588 4531 hic
2628 4481 2758 4531 ritus
2804 4479 2998 4545 viguit,
3052 4479 3202 4544 cujus
3230 4485 3414 4528 auctor
3443 4476 3630 4528 Timu-

2085 4569 2236 4621 tbeus
2286 4571 2382 4637 Ep.
2436 4570 2713 4623 Constant.
2767 4576 2951 4618 contra
3001 4564 3416 4618 Macedonianos
3436 4599 3451 4625 ,
3496 4564 3630 4616 Cun-

2081 4657 2279 4726 pbaeus
2307 4655 3010 4708 adulterinusAntiochenns
3028 4654 3326 4720 Episcopus
3347 4670 3466 4703 cum
3495 4668 3630 4701 non·

2078 4745 2245 4795 nullis
2271 4743 2642 4794 additionibus
2665 4740 3177 4811 Theopascbitarum
3198 4738 3462 4792 Haeresim
3482 4740 3629 4788 olen-

2079 4832 2252 4894 tibus,
2283 4834 2488 4899 primus
2519 4831 2677 4882 tuisse
2705 4830 2905 4882 dicitur
2953 4830 3045 4899 qui
3076 4829 3129 4879 in
3160 4828 3365 4879 Orient.
3394 4827 3627 4878 Ecclesia

2076 4918 2464 4982 introduxerit,
2494 4935 2620 4969 num
2669 4920 2720 4969 8.

2183 5007 2246 5058 ln
2305 5008 2468 5058 Missa
2514 5003 2846 5057 Monrnbica
2901 5010 3025 5072 post
3048 5000 3320 5053 Canonem
3355 4999 3562 5049 canitur
3598 5017 3625 5049 a

2072 5097 2232 5149 Glero
2254 5116 2279 5145 a
2301 5096 2530 5163 Populo,
2557 5102 2607 5147 et
2635 5114 2661 5144 a
2690 5091 2994 5157 Sacerdote,
3020 5092 3112 5160 qni
3146 5089 3303 5140 interi
3315 5106 3361 5137 m
3385 5088 3622 5139 Hostiam

2073 5192 2431 5235 consecratam
2478 5197 2640 5249 snper
2664 5181 2896 5233 Calicem
2953 5187 3123 5241 tenet,
3156 5175 3218 5227 ad
3247 5173 3437 5226 Fidem
3469 5170 3623 5224 realis

2074 5273 2128 5323 in
2155 5269 2483 5325 Eucharistia
2511 5270 2833 5336 praesentiae
2852 5266 3051 5320 Christi
3084 5260 3460 5335 profitendam,
3499 5261 3532 5311 1.
3562 5260 3614 5310 2.

2072 5378 2115 5410 c.
2146 5361 2195 5411 8.
2225 5377 2278 5411 η.
2310 5359 2392 5410 11.
