4487 6316
3412 586 3476 637 ΙΧ

1481 735 1565 848 θ
1625 733 1723 846 Φ
1782 735 1892 847 A
1949 736 2056 857 tt
2116 737 2220 853 tt
2284 737 2358 847 [t
2489 738 2648 851 W.

587 1000 1273 1107 LoslTAmE,
1338 1004 1483 1088 ET
1541 1004 2333 1094 ALoARssloRUM
2389 1006 2641 1093 Rssol
2713 1009 3523 1095 POTENTffismo.

1219 1468 1641 1527 EMMANUEL
1686 1472 1779 1528 DE
1825 1473 2176 1531 Azssvssno
2222 1472 2659 1532 socniTATls
2704 1473 2899 1533 Jssst‘.

474 1700 881 1872 Singulari
921 1761 1129 1869 plane
1166 1766 1462 1841 Divinae
1491 1765 1998 1840 Providentiae
2024 1766 2318 1842 consilio
2346 1796 2458 1843 me
2482 1771 2871 1844 Sacrorum
2908 1774 3204 1845 Rituum
3243 1771 3491 1846 studiis
3524 1769 3657 1843 ad·-

473 1900 746 1975 dictum
805 1925 952 1975 esse
989 1896 1198 1974 video
1233 1898 1502 1994 (REX.
1538 1899 2082 2002 Potentissime)
2118 1916 2497 2002 postquam
2536 1901 2584 1974 J
2587 1926 2749 1974 ussu
2785 1902 2955 1973 Tuo
2984 1903 3251 1974 Romae
3316 1900 3659 1975 detentus

478 2057 634 2105 sum
666 2090 687 2121 ,
745 2048 830 2104 ut
886 2028 1079 2132 apud
1117 2030 1763 2132 congregationem
1802 2030 2032 2104 Sacris
2064 2031 2343 2105 Ritibus
2381 2036 2852 2136 praepositam
2887 2031 3353 2107 Postulatoris
3404 2059 3662 2105 munus

476 2166 780 2251 obirem3
815 2161 1162 2265 siquidem
1195 2160 1528 2234 Summus
1563 2160 1897 2236 Pontifex
1930 2165 2318 2266 praecipua
2355 2158 2756 2253 clementia,
2786 2162 3183 2264 eximiaque
3220 2162 3660 2265 benignitate

480 2322 594 2369 me
656 2292 969 2397 ejusdem
1009 2293 1596 2395 Congregationis
1630 2290 2131 2367 consultorem
2177 2295 2659 2383 renuntiavit3
2697 2298 2983 2370 accessit
3017 2292 3284 2369 deinde
3346 2296 3587 2368 honor
3621 2326 3660 2367 a

477 2409 844 2530 Liturgica
880 2423 1309 2507 Accademia
1336 2423 1904 2498 Conimbricensi
1940 2422 2031 2497 ad
2066 2450 2180 2498 me
2220 2421 2501 2499 delatus
2529 2479 2550 2514 ‚
2586 2450 2774 2526 quae
2811 2451 2963 2498 non
3005 2424 3229 2499 solum
3268 2451 3460 2500 meae
3494 2424 3659 2500 fidei

480 2555 841 2632 celebrem
880 2557 1207 2659 Operum
1251 2554 1379 2628 SS.
1412 2557 1499 2628 D.
1536 2556 1776 2629 Nostri
1815 2554 2204 2629 editionem
2236 2553 2639 2628 concedere
2669 2609 2690 2643 ‚
2727 2580 2978 2630 verum
3015 2559 3222 2629 etiam
3266 2581 3377 2628 me
3430 2559 3663 2660 ipsum

481 2694 559 2765 in
593 2691 1040 2764 arctissimam
1100 2685 1505 2761 studiorum
1540 2689 1946 2762 societatem
2009 2712 2267 2765 vocare
2303 2713 2449 2760 non
2488 2686 2869 2763 dubitavit.
2902 2689 3085 2762 Gum
3123 2713 3297 2763 vero
3336 2714 3446 2761 me
3483 2687 3664 2762 alio-

482 2849 647 2895 rum
707 2818 1057 2894 electione
1115 2818 1221 2891 his
1270 2817 1518 2891 studiis
1573 2816 1934 2892 addictum
1991 2817 2532 2893 considerassem
2564 2874 2585 2907 ‚
2619 2846 2806 2893 meas
2841 2838 3081 2923 partes
3122 2847 3265 2895 esse
3300 2820 3469 2895 duxi
3509 2847 3662 2895 rem

479 2952 788 3054 aliquam
820 2949 1087 3040 moliri,
1123 2975 1267 3050 qua
1302 2948 1394 3022 de
1430 2947 1828 3052 Republica
1869 2948 2212 3024 litteraria
2249 2951 2697 3024 benemereri
2740 2978 3032 3054 possem.
3075 2955 3302 3055 Igitur
3339 2954 3665 3056 Liturgi-

480 3108 650 3157 cum
688 3080 1166 3166 Thesaurum‚
1193 3080 1319 3180 qui
1354 3076 1490 3179 jam
1527 3081 1661 3154 sub
1696 3078 1947 3184 praelo
1982 3097 2113 3172 est,
2149 3080 2506 3155 adornare
2543 3083 2857 3172 institui3
2895 3085 3164 3157 animos
3198 3082 3494 3186 quidem
3530 3080 3665 3157 ad-

481 3214 709 3289 dente
743 3211 1292 3287 BENEDICTO
1328 3212 1524 3283 XIV.
1562 3210 1765 3313 quod
1798 3238 2016 3314 quam
2048 3216 2140 3287 sit
2175 3242 2507 3317 magnum
2545 3218 2981 3320 sapientibus
3016 3242 3279 3290 nomen
3308 3272 3329 3307 ‚
3365 3217 3480 3293 vix
3515 3231 3662 3308 est,

482 3350 612 3450 qui
650 3349 957 3448 ignoret.
990 3339 1244 3416 Nullus
1282 3343 1474 3414 enim
1511 3356 1747 3416 terrae
1786 3342 2088 3445 angulus
2120 3344 2301 3421 adeo
2338 3347 2429 3422 ab
2462 3348 2833 3422 hominum
2867 3346 3393 3422 consuetudine
3431 3376 3666 3423 semo-

486 3498 603 3553 tus
636 3493 775 3568 est,
809 3501 960 3579 quo
995 3472 1111 3549 ille
1146 3470 1570 3547 eruditionis
1601 3501 1796 3565 suae,
1831 3493 2052 3577 atque
2089 3479 2371 3553 innatae
2408 3506 2573 3583 erga
2609 3478 2964 3555 litteratos
3002 3485 3188 3556 viros
3220 3480 3666 3558 benevolen-

488 3616 628 3690 tiae
663 3611 850 3686 fama
885 3634 1034 3683 non
1072 3608 1505 3710 pervenerit.
1541 3605 1755 3681 Volui
1796 3623 2069 3698 tamen,
2102 3628 2486 3713 antequam
2525 3638 2708 3715 opus
2743 3611 3175 3716 aggrederer
3200 3667 3221 3700 ‚
3256 3609 3410 3714 ejus
3444 3638 3667 3716 syno-

487 3748 647 3850 psin
683 3745 1005 3822 virorum
1041 3736 1606 3813 doctissimorum
1644 3766 1783 3841 per
1819 3767 2101 3814 omnem
2140 3741 2371 3816 ferme
2406 3745 2778 3846 Europam
2816 3740 3038 3816 oculis
3070 3740 3425 3844 subjicere
3458 3801 3477 3828 ‚
3537 3746 3664 3845 qui

486 3879 668 3958 illud
701 3877 1073 3951 universae
1118 3867 1526 3944 Catholicae
1562 3869 1916 3945 Ecclesiae
1947 3898 2112 3946 sane
2146 3872 2584 3948 utilissimum
2628 3874 2813 3962 fore,
2841 3876 3203 3948 communi
3239 3871 3515 3947 calculo
3552 3902 3674 3948 ar-

487 4016 877 4088 bitrantur.
938 4004 1061 4075 His
1119 4027 1232 4074 me
1268 3998 1406 4103 jam
1444 4000 1666 4074 titulis
1701 4002 1871 4075 huic
1907 4002 2313 4109 disciplinae
2369 4003 2736 4080 addictum
2773 4005 3272 4080 Moderatores
3309 4006 3445 4079 mei
3482 4033 3669 4082 nova

490 4141 793 4250 quadam
836 4134 1114 4209 ratione
1149 4131 1384 4206 eidem
1424 4131 1815 4209 voluerunt
1848 4161 1994 4210 esse
2030 4134 2370 4212 devotum
2403 4164 2421 4210 :
2458 4136 2834 4239 Sacrisque
2869 4136 3151 4210 Ritibus
3185 4138 3263 4209 in
3303 4136 3445 4211 hoc
3481 4136 3674 4209 Gre-

490 4279 792 4384 goriano
818 4272 1109 4372 Lycaeo
1141 4266 1553 4366 Magistrum
1597 4266 2152 4367 praefecerunt;
2190 4295 2276 4341 ex
2316 4295 2466 4370 quo
2506 4268 2769 4343 factum
2811 4286 2941 4358 est,
2978 4287 3061 4342 ut
3096 4272 3220 4372 qui
3261 4295 3508 4343 omnes
3540 4268 3674 4342 Sa-

492 4433 654 4484 cros
690 4406 896 4477 Ritus
952 4397 1439 4499 praecipiente
1476 4421 1557 4468 ac
1591 4396 1902 4470 docente
1941 4401 2494 4475 BENEDICTO
2531 4403 2727 4475 XIV.
2762 4428 2902 4505 pro
2939 4426 3090 4473 mea
3129 4404 3483 4473 tenuitate
3546 4416 3674 4471 ut-

493 4559 807 4638 cumque
843 4537 918 4605 in
953 4554 1107 4602 suas
1147 4542 1383 4629 partes
1416 4525 1743 4602 distribui
1774 4584 1795 4617 ‚
1832 4532 2106 4633 primus
2138 4533 2288 4636 ipse
2323 4531 2559 4605 forem
2586 4585 2607 4620 ‚
2650 4534 2777 4632 qui
2813 4528 3099 4605 eosdem
3138 4558 3324 4607 nova
3364 4527 3675 4632 quadam

496 4663 864 4752 methodo,
891 4675 1240 4758 certoque
1278 4656 1532 4731 ordine
1569 4657 2018 4761 explicarem.
2052 4660 2241 4735 Illud
2281 4690 2453 4737 vero
2488 4663 2660 4737 mihi
2695 4660 3001 4736 feliciter
3034 4663 3328 4739 evenire
3367 4659 3675 4764 gaudeo,

495 4800 699 4908 quod
756 4822 923 4868 cum
982 4789 1178 4892 juxta
1234 4792 1717 4891 aequissimam
1755 4790 2139 4866 Sacrorum
2188 4797 2488 4869 Rituum
2548 4797 3011 4899 partitionem
3050 4793 3144 4867 de
3206 4793 3676 4867 Sacrosancto

494 4937 741 5013 Missae
780 4922 1142 5000 Sacrificio
1180 4924 1492 5024 primum
1529 4949 1741 5024 agere
1778 4940 2115 5027 oporteat
2145 4981 2164 5012 ‚
2200 4926 2376 5000 nihil
2419 4929 2589 5000 mihi
2624 4924 3155 5000 immorandum
3190 4922 3417 4998 fuerit
3453 4927 3527 4996 in
3561 4948 3677 4996 se-

491 5061 783 5170 ligendo
822 5056 1218 5130 lectionum
1270 5080 1588 5127 mearum
1627 5053 1882 5128 ordine
1911 5110 1932 5143 ‚
1986 5073 2357 5159 postquam
2412 5060 2618 5132 variis
2668 5057 2837 5130 hinc
2887 5053 3056 5130 inde
3106 5053 3679 5129 dubitationibus

497 5194 763 5274 exortis
797 5191 1041 5291 Opera
1076 5184 1499 5259 Sanctissimi
1528 5187 1814 5259 Domini
1850 5187 2094 5260 Nostri
2151 5204 2429 5262 mature
2466 5187 2821 5292 perpendi
2854 5215 2874 5277 ;
2909 5186 3259 5289 siquidem
3309 5186 3678 5260 Sanctissi-

499 5354 658 5406 mus
688 5318 1027 5399 Pontifex
1064 5316 1245 5392 adeo
1273 5319 1390 5421 pie
1417 5371 1438 5407 ‚
1473 5317 1760 5393 erudite
1785 5375 1806 5408 ‚
1840 5322 2125 5421 copiose
2157 5374 2178 5407 ‚
2212 5316 2581 5422 eleganter
2604 5373 2624 5407 ‚
2658 5336 2879 5419 atque
2917 5316 3243 5421 perfecte
3282 5318 3422 5391 hoc
3458 5343 3678 5417 argu-

497 5473 826 5537 mentum
862 5449 1194 5524 tractavit
1220 5500 1241 5535 ‚
1281 5461 1365 5519 ut
1400 5445 1578 5521 nihil
1618 5445 1922 5521 ulterius
1954 5451 2228 5552 requiri
2271 5476 2473 5552 posse
2508 5450 2850 5527 videatur.

785 5611 993 5650 ιιιειο.
1047 5609 1161 5647 xiv.
1200 5607 1348 5647 τοι.
1386 5595 1527 5651 vm.
3293 5597 3327 5645 2
