4487 6316
968 463 1074 514 wo

1764 466 1849 519 DE
1887 462 2369 521 sacaostcho
2406 464 2623 520 MISSAE
2658 463 3035 520 smmftclo

786 610 941 680 sint,
999 619 1065 668 ut
1118 610 1314 673 iisdem
1340 613 1551 697 {diebus
1592 614 1836 677 Missam
1881 614 2154 675 celebrare
2206 631 2320 676 non
2381 690 2382 693 Ἴ
2443 611 2523 677 Ae
2572 632 2699 676 vero
2745 611 2815 673 S.
2868 611 3103 673 Thomas
3135 621 3324 694 aperte
3382 611 3605 682 videtur
3646 616 4004 680 contrarium

650 732 671 779 f
790 705 1092 767 omittant.
1123 704 1282 767 Huic
1297 706 1724 769 Mediolanensi
1755 707 2022 770 Concilio
2035 706 2210 789 jungi
2233 726 2336 787 po-

786 806 901 861 test
938 799 1269 865 Rhomense
1297 821 1464 871 anno
1508 808 1678 865 1583.
1712 803 1991 864 habitum
2023 811 2169 864 tom.
2225 806 2324 862 11.

786 891 1026 955 Collect.
1052 894 1409 957 Labbeanae
1434 917 1572 978 pag.
1605 902 1743 957 893.
1770 895 2043 957 Sacerdos
2064 915 2179 955 non
2207 904 2335 956 tan-

783 997 906 1048 tum
931 983 1119 1049 diebus
1140 990 1494 1064 solemnibus,
1520 992 1613 1051 sed
1632 994 1803 1052 etiam
1835 989 2166 1059 Dominicis,
2204 1009 2334 1051 sae-

778 1087 1049 1166 piusque,
1087 1085 1141 1143 si
1162 1085 1291 1166 fieri
1320 1095 1516 1164 potest,
1545 1084 1854 1166 sacrificet,-
1883 1092 1946 1145 et
1963 1083 2338 1144 Tolosanum

785 1198 949 1241 anno
979 1180 1153 1238 1594.
1200 1177 1477 1239 habitum
1530 1177 1664 1239 eod.
1723 1184 1867 1238 tom.
1910 1175 2137 1238 Concil.
2176 1196 2332 1257 pag.

786 1278 923 1335 387.
967 1271 1290 1334 Sacerdotes
1331 1275 1521 1352 itaque
1563 1293 1786 1343 omnes„
1846 1291 2190 1352 qnocumque
2237 1273 2338 1332 lto-

780 1390 915 1435 nore
937 1370 1229 1450 insiqniti,
1262 1378 1365 1429 aut
1394 1370 1458 1427 in
1497 1386 1844 1446 quonamque
1871 1368 2148 1445 diffinitate
2189 1386 2325 1428 con-

778 1466 973 1527 stituti
1015 1465 1243 1526 tandem
1278 1467 1433 1533 sint,
1468 1462 1780 1522 Dominicis
1805 1462 2065 1540 festisque
2088 1463 2280 1522 diebus
2319 1510 2334 1533 ,

770 1559 888 1618 nisi
904 1559 1062 1634 justo
1103 1553 1298 1636 aliquo
1343 1557 1788 1637 praepedimento
1813 1558 2034 1635 avocati
2060 1557 2277 1635 suerint
2315 1604 2331 1627 ‚

783 1649 1001 1713 Missae
1028 1650 1392 1734 Sacrificium
1415 1653 1717 1712 celebrent.

447 1753 591 1820 noent
634 1768 739 1798 ωο-
897 1750 957 1806 8.
997 1747 1073 1807 Et
1127 1765 1499 1826 quamquam
1552 1745 1938 1808 Innocentius
1982 1744 2222 1807 Tertius
2264 1744 2329 1805 in

445 1816 642 1911 {22⁸2}ssss
665 1818 744 1911 ἐξ
780 1861 912 1924 cap.
938 1840 1194 1901 Dolentes
1218 1840 1293 1901 de
1316 1840 1600 1903 celebrat.
1632 1840 1868 1902 Missar.
1895 1840 2202 1920 improbet
2225 1859 2328 1902 eo·

446 1925 589 2023 {32³⁸
612 1924 737 2025 0⁴:²2¹ss
778 1955 915 1996 rum
956 1934 1413 2017 negligentiam,
1458 1934 1564 2015 qui
1618 1934 1722 1996 vix
1767 1943 1983 2015 quater
2030 1934 2098 1995 in
2146 1954 2310 1997 anno

445 2051 592 2139 κω.
627 2035 743 2084 50⁸⁵·
782 2021 1206 2103 celebrabant,
1242 2040 1373 2089 sunt
1421 2039 1474 2089 et
1509 2031 1641 2100 alii,
1671 2032 1773 2108 qui
1790 2028 2110 2090 Missurum
2131 2032 2331 2090 solem-

477 2111 492 2137 ¹
594 2128 607 2141 '
782 2127 885 2187 nia
932 2125 1209 2186 celebrant
1249 2126 1354 2184 cix
1393 2134 1593 2204 quater
1619 2126 1682 2184 in
1706 2144 1900 2192 anno:
1950 2123 2094 2184 inde
2131 2132 2331 2185 tamen

781 2219 989 2283 nullus
1035 2218 1286 2292 inserat,
1335 2218 1478 2280 satis
1516 2239 1645 2281 esse
1671 2219 1718 2280 si
1768 2218 2054 2280 Sacerdos
2107 2218 2337 2298 septies

779 2323 886 2377 aut
907 2315 1088 2376 octies
1109 2314 1175 2375 in
1201 2333 1362 2375 anno
1403 2314 1648 2375 Missam
1677 2296 1969 2381 c'elebret:
2028 2313 2321 2393 quemad-

778 2409 1027 2471 modum
1048 2430 1125 2471 ex
1142 2427 1235 2480 eo,
1265 2408 1429 2489 quod
1456 2408 1841 2470 Innocentius
1871 2408 1985 2471 XI.
2021 2427 2156 2470 eam
2194 2428 2336 2489 prc-

779 2502 1135 2583 positicnem
1157 2502 1554 2575 damnaverit,
1600 2502 1898 2563 Probabile
1919 2514 2019 2571 est,
2042 2523 2110 2563 ne
2137 2506 2336 2582 sinqu-

785 2599 855 2657 lis
879 2599 1104 2676 quidem
1127 2599 1370 2676 riqoroso
1402 2599 1802 2676 quinquenniis
1835 2599 2083 2676 obliqare
2104 2616 2339 2676 praecc-

778 2699 944 2773 ptum
991 2690 1311 2753 charitatis
1352 2711 1485 2770 erqo
1526 2690 1711 2750 Deum
1732 2738 1748 2761 ,
1815 2709 2133 2771 perperam
2180 2690 2332 2752 bine

782 2786 1005 2849 inferat
1024 2785 1277 2869 aliquis,
1308 2785 1452 2847 satis
1478 2804 1606 2847 esse
1632 2784 1791 2846 infra
1834 2783 2329 2865 quinquennium

784 2880 966 2945 semel
992 2888 1190 2941 actum
1213 2879 1436 2941 amoris
1465 2878 1529 2940 in
1558 2882 1751 2941 Deum
1778 2898 2056 2940 exercere
2105 2877 2183 2940 ad
2222 2877 2337 2938 im-

783 2975 1075 3056 plendum
1105 2972 1428 3045 Charitatis
1453 2982 1833 3054 praeceptum
1850 3019 1866 3046 ,
1897 2982 1966 3035 ut
1988 2974 2197 3036 Edicto
2226 2964 2326 3033 72.

783 3068 905 3131 late
927 3068 1269 3130 docuimuS.
1310 3067 1504 3129 Immo
1529 3067 2040 3147 quemadmodum
2062 3068 2167 3148 qui
2191 3066 2327 3128 die-

787 3163 902 3225 bus
946 3163 1135 3225 Festis
1173 3183 1249 3224 ex
1302 3171 1615 3244 praecepto
1661 3171 1862 3225 actum
1907 3162 2138 3227 amoris*
2186 3181 2334 3243 erga

788 3260 980 3320 Deum
1001 3257 1232 3330 eliciat,
1275 3256 1621 3339 contingere
1648 3264 1860 3337 potest,
1913 3266 1981 3317 ut
2022 3277 2099 3318 ex
2132 3257 2194 3317 vi
2224 3257 2340 3318 ali-

787 3353 958 3434 cujus
1005 3351 1486 3414 circumstantiae
1530 3358 1803 3413 teneatur
1853 3351 2036 3413 etiam
2073 3349 2202 3413 «alio
2243 3351 2343 3413 die

792 3446 1052 3509 eundem
1097 3454 1297 3508 actum
1336 3445 1560 3507 amoris
1600 3445 1941 3526 concipere,
1999 3454 2145 3526 puta
2172 3444 2220 3506 si
2260 3446 2337 3508 ad

779 3540 991 3601 odium
1018 3540 1122 3602 Dei
1154 3547 1519 3614 tentaretur;
1547 3538 1630 3601 ita
1655 3540 1881 3620 pariter
1903 3540 2189 3602 Sacerdos
2211 3541 2331 3602 etsi

785 3633 1001 3695 diebus
1028 3634 1357 3696 Dominicis
1379 3633 1663 3716 festisque
1688 3635 2058 3696 solemnibus
2086 3635 2334 3698 Missam

786 3725 1077 3800 celebret,
1102 3725 1236 3788 fieri
1256 3736 1563 3808 potest,xut
1591 3738 1877 3811 urgeatur
1900 3736 2215 3810 praecepto
2235 3750 2334 3792 ce-

786 3817 1064 3882 lebrandi
1098 3819 1342 3891 Missam
1372 3821 1551 3883 etiam
1574 3821 1713 3884 aliis
1733 3822 1946 3884 diebus
1973 3843 2051 3884 ex
2089 3822 2296 3903 aliqua
2319 3868 2337 3897 ,

791 3931 950 3994 quae
978 3914 1363 3993 superveniat
1385 3915 1851 3992 circumstantia,
1882 3925 2026 3997 puta
2068 3917 2119 3978 si
2145 3937 2183 3979 a
2211 3917 2326 3978 Su-

792 4006 1029 4088 periore
1048 4025 1158 4068 suo
1186 4005 1489 4068 celebrare
1503 4009 1812 4089 jubeatur,
1846 4021 1953 4072 aut
1977 4010 2158 4072 Missa
2191 4030 2344 4091 opus

790 4100 869 4162 sit
894 4101 970 4162 ad
1000 4100 1357 4181 particulam
1380 4104 1840 4166 consecrandam
1864 4151 1881 4178 ,
1937 4113 2003 4166 ut
2026 4104 2326 4167 laboranti

793 4194 1037 4257 infirmo
1078 4196 1381 4260 viaticum
1412 4195 1632 4258 deterri
1665 4198 1880 4279 possiti,
1908 4198 2201 4280 ejusmodi
2240 4217 2342 4260 ca-

2443 725 2687 776 censere,
2725 708 2934 766 seilicet
2971 726 3080 769 esse
3123 718 3418 785 peccatum
3444 709 3720 777 mortale:
3753 729 3889 770 nam
3918 729 4009 773 so-

2446 801 2565 861 lum
2585 811 2815 881 propter
2832 812 3118 882 peccatum
3148 804 3385 875 veniale,
3422 803 3490 863 de
3508 824 3618 882 quo
3648 824 3806 864 nemo
3834 806 4002 865 dubi-

2446 908 2567 958 tare
2609 907 2826 976 poterat
2845 943 2860 966 ,
2898 915 3197 974 nunquam
3225 907 3341 957 tam
3360 898 3504 961 serio
3531 899 3783 959 movisset
3826 918 4000 978 quoe·

2443 992 2675 1050 stionem
2693 1037 2710 1061 ,
2740 991 3148 1072 definiissetqne
3173 992 3336 1063 adeo,
3370 992 3519 1070 quod
3545 990 3819 1054 Sacerdos
3850 1003 4001 1055 tene-

2447 1095 2543 1146 tur
2568 1086 2766 1145 saltem
2801 1087 2874 1144 in
2905 1085 3223 1165 praecipuis
3254 1084 3430 1147 Festis
3476 1088 3773 1159 celebrare,
3828 1099 3998 1168 atquo

2447 1179 2567 1256 illis
2606 1180 2884 1249 maxime,
2905 1179 3107 1258 quibus
3142 1177 3398 1259 Populus
3420 1183 3829 1243 communicare
3859 1202 3993 1243 con-

2446 1273 2622 1332 suevit
2640 1320 2656 1343 ,
2703 1274 3069 1347 ubi-censura
3092 1276 3312 1354 peccati
3336 1276 3594 1336 mortalis
3619 1278 3951 1338 insinuatur
3971 1321 3989 1338 .

2448 1366 2614 1428 Idem
2647 1377 2788 1429 ante
2806 1386 2947 1430 eum
2970 1366 3287 1448 scripserat
3312 1367 3595 1430 Silvester
3634 1369 3699 1430 in
3726 1388 3993 1446 munina,

2451 1463 2637 1524 verbo
2662 1462 2939 1525 Missua.
2971 1468 3031 1523 7.
3063 1462 3183 1536 Qui
3211 1461 3500 1543 scripsere
3526 1456 3659 1544 post
3678 1464 3992 1546 Synodum

2448 1554 2862 1617 Tridentinam
2885 1601 2902 1628 ,
2942 1574 3151 1618 vocem
3174 1554 3343 1617 illam
3374 1557 3594 1627 decere,
3624 1556 3731 1619 ubi
3767 1558 3830 1618 S.
3876 1558 3992 1640 Sy-

2447 1650 2641 1714 nodus
2666 1650 2740 1712 de
2764 1650 3160 1713 Subdiaconis
3191 1658 3252 1713 et
3276 1649 3560 1717 Diaconis
3586 1695 3604 1724 ,
3648 1653 3993 1718 et⁴verbum

2449 1744 2599 1805 illud
2620 1756 2798 1816 curet,
2828 1744 2934 1806 ubi
2963 1745 3038 1807 de
3059 1745 3431 1827 Presbyteris
3451 1739 3745 1827 loquitur,
3769 1768 3994 1829 expen-

2445 1839 2650 1902 dentes
2673 1838 3070 1913 concludunt,
3104 1860 3317 1902 vocem
3347 1842 3531 1901 decere
3560 1841 3687 1902 vim
3712 1843 3945 1905 consilii
3971 1888 3989 1916 ,

2443 1946 2597 1995 curet
2622 1935 2746 1996 vim
2775 1935 3001 1998 habere
3022 1934 3363 2016 praecepti..
3422 1936 3513 1999 Ita
3560 1936 3894 1999 Merbesius
3927 1937 3992 1999 in

2445 2046 2680 2090 summa
2719 2028 3060 2095 Christiana
3103 2034 3160 2091 3.
3199 2048 3331 2109 par.
3369 2029 3446 2091 de
3495 2031 3756 2092 Euchar.
3800 2051 3863 2113 q.
3898 2036 3998 2092 21.

2444 2122 2633 2183 concl.
2667 2127 2726 2182 2.
2755 2122 2787 2181 J
2794 2122 3092 2184 uveninus
3120 2122 3195 2185 de
3224 2122 3623 2187 Sacramentis
3645 2124 3799 2206 disp.
3837 2131 3896 2186 5.
3922 2126 3999 2189 de

2445 2215 2706 2281 Euchar.
2738 2215 2950 2277 Sacris.
2982 2235 3044 2297 q.
3084 2222 3144 2277 7.
3171 2235 3302 2296 cap.
3347 2221 3400 2277 1.
3431 2226 3547 2279 art.
3587 2223 3642 2278 1.
3673 2218 3788 2279 Sed
3811 2218 3926 2280 hoc
3945 2217 3996 2282 si

2448 2329 2660 2372 verum
2682 2310 2780 2383 sit,
2813 2328 2933 2371 non
2961 2310 3103 2373 inde
3130 2311 3466 2392 quidquam
3490 2311 3654 2373 aliud
3680 2313 4000 2393 consequi-

2446 2414 2546 2467 tur
2564 2451 2581 2478 ,
2611 2424 2794 2486 quam
2824 2405 3200 2468 Sacerdotem
3232 2425 3475 2486 peccare
3501 2451 3518 2479 ,
3554 2406 3604 2467 si
3651 2406 3782 2468 sine
3819 2427 4002 2471 causa

2444 2500 2690 2561 Missam
2716 2498 3074 2581 supradictis
3134 2499 3349 2561 diebus
3376 2500 3616 2563 omittat
3646 2500 3951 2564 celebrare
3973 2546 3994 2577 ,

2447 2615 2580 2661 non·
2598 2602 2797 2656 tamen
2823 2594 3090 2675 graviter
3139 2612 3385 2675 peccare
3409 2638 3425 2655 .
3474 2595 3553 2657 Et
3580 2602 3726 2659 sane
3751 2595 4005 2658 Juveni-

2447 2710 2592 2764 nus,
2641 2688 2748 2771 qui
2777 2697 2949 2770 putat
2974 2689 3229 2763 verbum
3265 2688 3420 2759 illud
3463 2702 3618 2751 curet
3647 2689 3710 2751 in
3741 2689 4000 2752 Triden-

2447 2785 2574 2848 tino
2595 2785 2862 2847 Concilio
2892 2784 3015 2846 vim
3046 2783 3273 2845 habere
3299 2784 3632 2865 praecepti,
3667 2804 3788 2846 non
3819 2785 4003 2848 audet

2448 2878 2756 2941 affirmare
2786 2885 3168 2958 praeceptum
3205 2897 3332 2939 esse
3350 2878 3646 2960 ejusmodi
3694 2886 3949 2940 naturae
3975 2923 3997 2951 ‚

2447 2981 2520 3034 ut
2559 2972 2613 3033 ei
2642 2971 2748 3052 qui
2781 2991 2902 3033 non
2931 2978 3142 3050 pareat
3185 2969 3489 3033 lethaliter
3537 2979 3777 3051 peccet:
3822 2970 4010 3033 immo

2450 3066 2716 3128 declarat
2737 3085 2801 3128 se
2826 3065 3165 3127 idmi'nime
3204 3063 3459 3127 definire
3493 3064 3680 3127 velle:
3735 3063 3883 3143 Cum
3911 3077 4004 3127 to·

2448 3183 2573 3223 men
2597 3182 2693 3223 nec
2715 3160 2961 3223 Concilii
2987 3161 3312 3222 Tridentini
3338 3160 3568 3232 Patres,
3594 3180 3690 3222 nec
3719 3160 3788 3222 S.
3820 3160 4006 3223 Caro·

2453 3260 2540 3324 lus
2569 3260 2633 3317 in
2663 3255 2918 3318 Concilio
2939 3255 3365 3326 Mediolanensi
3391 3256 3758 3337 definierint,
3797 3255 4004 3318 Sacer-

2454 3352 2634 3412 dotem
2662 3353 2757 3412 cui
2777 3371 2891 3412 non
2908 3351 3180 3411 incumbit
3208 3352 3536 3410 animarum
3579 3370 3721 3412 cura
3739 3397 3755 3420 ,
3780 3370 4006 3430 peccare

2453 3446 2738 3506 lethaliter
2766 3491 2783 3516 ,
2822 3446 2875 3505 si
2919 3444 3163 3522 sinqulis
3195 3441 3509 3503 Dominicis
3537 3462 3606 3504 ac
3642 3444 3878 3522 reliquis
3922 3443 4008 3521 fe-

2451 3542 2552 3602 stis
2576 3541 2766 3600 diebus
2797 3558 2910 3597 non
2928 3538 3317 3612 celebraveri13
3347 3557 3520 3618 neque
3553 3539 3727 3598 etiam
3772 3557 3871 3598 nos
3897 3558 4008 3599 αυ-

2456 3634 2644 3694 demus
2675 3634 2907 3714 definire
2926 3674 2942 3691 .

2578 3734 2672 3789 10.
2708 3724 3200 3789 concludendum
3232 3724 3442 3807 igitur,
3478 3724 3629 3806 quin
3661 3723 4002 3807 quaestioni
4047 3730 4358 3830 zffi¹·m

2405 3833 2406 3836 ’
2453 3822 2598 3885 huic
2633 3822 2969 3903 quidquam
3010 3820 3485 3902 praejudicatum
3516 3820 3808 3895 velimus,
3860 3842 4004 3883 con-
4046 3843 4222 3886 “idm
4279 3857 4360 3902 μι-

2455 3916 2819 3979 cludendum
2842 3959 2860 3988 ,
2900 3915 3151 3995 inquam
3169 3960 3186 3987 ,
3215 3934 3334 3976 non
3367 3934 3538 3996 pooee
3562 3915 3848 3978 sustineri
3879 3936 4011 3977 sen-
4049 3908 4359 4010 ζΐζωεωᾞ

2456 4010 2707 4072 tentiam
2733 4029 2942 4071 eorum
2958 4055 2977 4082 ,
3006 4008 3113 4091 qui
3133 4017 3407 4073 statuunt
3433 4009 3749 4072 venialiter
3774 4019 4007 4074 tantum
4049 4014 4359 4084 ves-'‘fhbi-

2452 4124 2696 4186 peccare
2745 4104 3125 4167 Sacerdotem
3150 4149 3167 4177 ,
3210 4104 3317 4184 qui
3369 4124 3493 4165 non
3523 4104 3755 4166 habens
3799 4125 4009 4167 curam
4050 4072 4360 4189 ’1ζῖἓῶῗὲῗῖ

2448 4199 2807 4262 Animarum
2824 4244 2842 4273 ,
2880 4218 2988 4260 nec
3006 4197 3182 4260 aliter
3203 4197 3522 4260 adstrictus
3549 4198 3626 4260 ad
3646 4198 3892 4261 Missam
3919 4219 4012 4262 ce-
4049 4187 4366 4289 ⁴222,thssss

789 4310 892 4352 sus
936 4291 1285 4372 expendunt
1335 4292 1593 4355 Morales
1637 4295 1957 4367 Auctores,
2012 4312 2347 4373 eorumque
2456 4294 2814 4356 lebrandam
2839 4339 2856 4366 ,
2907 4311 3222 4373 nunquam
3270 4312 3378 4373 per
3429 4312 3660 4354 annum
3703 4292 4004 4355 celebret.

794 4385 1045 4447 uberem
1076 4386 1309 4469 copiam
1330 4386 1988 4468 congessitPasserinus
2011 4386 2074 4447 in
2108 4393 2166 4448 3.
2203 4406 2337 4467 par.

799 4471 875 4542 D.
914 4481 1177 4546 Thomae
1198 4501 1259 4561 q.
1291 4486 1401 4558 82..
1425 4490 1540 4543 art.
1576 4486 1667 4543 10.
1699 4490 2019 4544 comment.
2057 4488 2156 4544 67.

467 4603 758 4652 cando-nou

467 4661 762 4781 {fgfflfffss}
798 4671 1241 4750 quaestionem,
1283 4657 1710 4748 an,Sacerdos,
1758 4671 1864 4752 qui
1898 4671 2163 4753 legitime
2217 4690 2343 4733 non

471 4775 759 4845 ‚mn-atem
801 4762 1185 4843 impediatur,
1223 4765 1468 4838 Missam
1508 4765 1584 4827 iis
1608 4765 1854 4839 diebus,
1890 4784 2043 4846 quos
2064 4765 2351 4840 diximus,

470 4830 765 4952 {ffssssfff’
802 4857 1105 4919 celebrare
1137 4857 1416 4920 omittens
1450 4856 1787 4932 mortaliter
1821 4866 2037 4938 peccet.
2077 4860 2152 4919 D.
2187 4857 2350 4919 Tho-

805 4971 933 5012 mas
964 4950 1077 5036 loc.
1108 4952 1208 5014 cit.
1246 4953 1351 5014 ubi
1378 4953 1537 5028 hanc
1584 4953 1897 5016 materiam
1928 4959 2185 5026 tractat,
2235 4972 2360 5014 non

805 5044 1113 5120 definivit,
1168 5045 1544 5109 Sacerdotem
1588 5048 1855 5131 graviter
1903 5032 2188 5127 peccaress
2237 5047 2359 5109 Ve-

809 5158 948 5201 rum
967 5140 1273 5202 contendit
1302 5140 1477 5201 Sotus
1509 5141 1574 5204 in
1608 5142 1738 5203 loco
1761 5140 1943 5222 paulo
1963 5149 2104 5203 ante
2129 5160 2357 5202 memo-

809 5247 970 5308 rato,
1026 5236 1099 5295 Ι).
1140 5233 1432 5296 'rhomam
1471 5235 1840 5297 existimasse
1888 5234 2061 5317 gravi
2111 5244 2352 5315 peccato

808 5328 1046 5411 alligari
1078 5328 1480 5401 Sacerdotem,
1512 5328 1619 5408 qui
1649 5328 1893 5391 Missam
1925 5328 2138 5389 diebus
2160 5328 2364 5390 Domi-

811 5422 961 5484 nicis
991 5432 1051 5484 et
1085 5421 1468 5485 Sclemnibus
1516 5420 1818 5483 celebrare
1867 5422 2306 5503 praetermittat
2339 5440 2353 5480 z

2462 4388 2841 4468 Quapropter
2888 4386 2950 4446 S.
2984 4384 3226 4446 Pius'V.
3259 4385 3338 4446 ab
3369 4384 3654 4468 operibus
3681 4385 4019 4449 Cardinalis

2460 4479 2724 4564 Cajetani
2747 4479 3212 4561 propositionem
3228 4478 3578 4561 illamjussit
3588 4480 3876 4563 expungi,
3893 4501 4017 4543 non

916 4581 974 4636 9.
1030 4575 1351 4636 Difficilius
1392 4574 1666 4657 profecto
1714 4584 1804 4637 oet
1861 4576 2042 4638 aliam
2102 4576 2340 4639 solvere
2460 4577 2574 4639 nisi
2616 4575 2931 4638 venialiter
2960 4594 3205 4655 peccare
3229 4573 3607 4636 Sacerdotem
3641 4594 3763 4636 non
3788 4576 4020 4638 habea-

2463 4679 2583 4734 tem
2608 4690 2815 4732 curam
2847 4669 3242 4741 Animarum,
3280 4668 3389 4749 qui
3431 4689 3750 4749 nunquam
3776 4690 3881 4750 per
3908 4690 4020 4732 an·

2464 4784 2612 4825 num
2636 4764 2851 4826 Missae
2873 4761 3245 4825 Sacrificium
3268 4763 3513 4838 offerat3
3547 4761 3658 4843 ipsi
3683 4762 3864 4824 etiam
3889 4783 4018 4824 mo-

2463 4859 2708 4920 nuimus
2736 4856 2948 4918 Edicto
2977 4862 3074 4917 55.
3114 4864 3176 4918 et
3214 4856 3290 4917 de
3323 4856 3677 4919 Canonizat.
3734 4858 4010 4928 Sanctor.

2468 4954 2586 5016 lib.
2634 4960 2697 5015 3..
2735 4972 2866 5032 cap.
2903 4958 2999 5013 27.
3057 4972 3118 5013 n.
3160 4957 3219 5013 6.
3253 4951 3588 5013 Dicendum
3632 4952 3812 5013 etiam
3838 4995 3856 5025 ‚
3894 4970 4016 5013 non
4107 5009 4111 5013 Α

2466 5068 2635 5129 posse
2653 5068 2792 5109 eum
2809 5048 3193 5110 sacramento
3212 5045 3613 5109 Confessionis
3627 5046 3882 5118 absolvi,
3906 5046 4015 5126 qui
4065 5053 4071 5058 '

2465 5142 2862 5210 constituisset
2885 5141 3089 5203 animo
3117 5161 3432 5221 nunquam
3474 5161 3581 5222 per
3612 5161 3842 5202 annum
3870 5141 4017 5217 Mis—

2467 5257 2593 5299 sam
2640 5235 2980 5310 celebrare3
3046 5233 3278 5297 etiamsi
3321 5234 3384 5295 id
3426 5234 3829 5297 constituisset
3878 5254 4022 5314 pro-

2467 5340 2671 5410 pterea
2716 5328 2881 5409 quod
2919 5347 3094 5409 saepe
3138 5327 3206 5388 in
3256 5337 3564 5408 peccatum
3613 5329 4019 5398 consuevisset

2466 5423 2763 5500 incidere3
2801 5420 3213 5486 voluntarium
3262 5422 3426 5485 enim
3457 5429 3764 5506 peccatum
3789 5428 3909 5498 est,
3956 5432 4018 5489 et
