4487 6316
1270 537 1504 595 OPERB
1538 534 1637 591 DE
1668 536 1928 604 mm,
1964 538 2058 592 ΕΤ
2095 533 2187 589 1)ss
2224 535 2604 592 sacmtclo
2639 534 2855 591 fflSSAE

3362 531 3465 587 303

468 687 819 751 auctoritate
857 685 1177 748 adornatas
1203 681 1385 746 fuisse
1402 730 1418 758 ,
1436 691 1509 746 -et
1546 679 2007 758 Constitutiones
2114 680 2523 761 quod-editum
2549 688 2638 741 est
2662 679 2946 766 Coloniae
2967 698 3128 741 anno
3160 677 3331 741 1695.
3362 679 3643 741 adnotata

477 784 631 845 inibi
649 780 1102 862 comprehensas
1127 798 1246 840 non
1278 778 1410 840 ideo
1431 778 1556 839 vim
1582 778 1824 849 babere,-
1847 774 2010 856 quod
2114 782 2435 836 occurrunt
2463 773 2808 856 hujusmodi
2846 773 3128 835 verbain
3169 772 3324 834 notis
3361 773 3438 834 ad
3472 791 3645 852 proe-

478 874 555 937 iu.
572 882 578 888 '
595 877 716 938 illis
754 873 1171 955 reperiantur,
1215 871 1317 933 sed
1365 870 1511 951 quia
1552 872 1631 933 ab
1660 868 2012 931 auctoritate
2117 867 2330 928 mium:
2359 868 2430 929 ln
2455 889 2569 928 uno
2591 871 2970 949 manuscripto
2999 868 3269 932 Vaticano
3298 870 3503 947 ἱερέων
3525 866 3646 928 Ρα-

479 970 849 1052 Apostolica,
878 967 1044 1029 unde
1067 974 1445 1038 emanarunt,
1474 963 1767 1047 originem
1793 963 2016 1024 habue-
2116 963 2302 1035 risiis,
2349 964 2415 1022 in
2458 965 2637 1024 altero
2667 962 2985 1034 Bononiae,
3018 972 3069 1023 61
3117 962 3395 1034 Parisiis,
3442 964 3534 1024 sed
3582 971 3652 1022 ue

478 1072 644 1136 runt.
673 1065 822 1125 Item
843 1059 1373 1143 praetermittimus
1394 1058 1502 1128 lib,
1531 1064 1588 1119 7.
1614 1056 2011 1120 Decretalium
2114 1055 2428 1135 plurimum
2454 1057 2643 1116 omnia
2671 1057 2872 1116 habent
2904 1055 3209 1117 Bononiae.

483 1175 634 1237 opus
673 1155 860 1222 nostri
894 1151 1199 1218 Pontificis
1238 1151 1488 1213 Maximi
1531 1144 2008 1232 Gregoriixlll.

466 1252 644 1333 jussu
670 1248 899 1310 editum
924 1294 941 1321 ,
981 1247 1047 1308 in
1085 1266 1209 1327 quo
1238 1240 1660 1326 ipse-multum
1696 1243 2015 1305 insudave-

483 1353 606 1416 rat,
638 1353 705 1404 ut
730 1349 977 1405 testatur
1026 1339 1361 1403 Cardinalis
1386 1338 1691 1426 Pinellus,
1728 1337 1837 1418 qui
1864 1336 2019 1397 illud

483 1439 679 1521 ipsum
714 1423 1017 1500 Pontificis
1048 1435 1381 1497 Clementis·
1400 1435 1567 1496 V111.
1606 1432 2020 1494 nominenun·

479 1533 756 1614 cupavit,
811 1532 875 1592 in
908 1532 1078 1613 cujus
1097 1571 1103 1581 -
1122 1527 1476 1591 Pontificatu
1515 1527 1853 1622 confectum·
1886 1533 2015 1602 est3

484 1625 792 1706 Gregorius
811 1625 1485 1693 immormlisanemcriac,
1510 1623 2017 1702 insiqm'a‘pt'otatt‘s,

485 1722 872 1790 litteraturae,
902 1729 1069 1797 atquc
1102 1717 1477 1797 expet-imino
1503 1709 1877 1780 Pastorum
1892 1733 2023 1795 pro-

484 1815 729 1874 vinciam
753 1814 1025 1872 commisit
1046 1815 1298 1891 primum
1328 1810 1527 1870 Flavio
1567 1809 1774 1871 Ursino
1791 1807 2022 1879 ,Tran-

486 1910 630 1968 sircc
657 1906 903 1977 Alciato,
935 1905 1181 1965 Antonio
1210 1902 1455 1983 Carafae
1484 1903 1727 1964 Sanctae
1742 1903 2027 1977 Romanas

492 2001 777 2062 Ecclesiae
816 1999 1220 2061 Cardinalibm
1256 1998 1621 2057 Doctisst‘mis.
1666 1994 1881 2057 ‘Multa'
1910 1998 2025 2076 ipse

492 2116 666 2158 manu
690 2114 797 2156 wa
836 2097 1137 2164 exaravit,
1171 2094 1549 2163 elucubravit,
1579 2093 1815 2151 monuit.
1847 2091 2026 2152 Prae-

491 2190 802 2251 laudatum
834 2187 998 2248 enim
1030 2187 1196 2267 Opus
1232 2185 1509 2267 quamris
1557 2184 1896 2247 absolutum
1928 2193 2025 2267 ty-

493 2282 706 2363 pisque
745 2271 1145 2359 impressum,
1205 2298 1326 2345 non
1378 2279 1441 2339 in
1478 2277 1697 2340 lucem
1748 2277 2027 2338 emissum

492 2375 640 2448 fnit,
677 2394 813 2436 cum
835 2374 900 2435 in
933 2393 1005 2435 eo
1036 2374 1206 2435 varia
1238 2375 1486 2434 Decreta
1510 2371 1846 2433 Tridentini
1880 2371 2030 2433 Gon-

494 2464 620 2530 cilii
657 2468 953 2539 inessent,
991 2467 1347 2547 quae·3juxta
1390 2483 1518 2526 san.
1559 2483 1736 2526 mem.
1789 2465 1880 2525 Pii
1912 2465 2022 2526 IV.

497 2561 803 2625 Pontificis
833 2559 1327 2622 Constitutionem
1372 2558 1752 2638 incipientem
1789 2558 2029 2620 Benedi-

495 2669 618 2718 ctus
647 2657 795 2716 Deus
817 2674 940 2716 non
960 2654 1107 2716 lieet
1135 2653 1378 2735 glossis,
1405 2653 1659 2733 aliisque
1684 2653 2032 2733 interpreta—

502 2750 766 2814 tionibus
798 2749 1101 2810 illustrare
1126 2784 1157 2822 ,—
1190 2748 1352 2829 quod
1374 2766 1541 2809 ·6666
1583 2747 1877 2832 impediri⁴
1906 2767 2029 2809 non

499 2844 814 2926 potuisset,
851 2843 901 2902 si
930 2843 1151 2903 inserta
1184 2842 1432 2902 fuissent
1464 2840 1528 2901 in
1565 2840 1789 2903 librum
1815 2846 1873 2901 6.
1912 2843 2029 2903 De-·

498 2937 843 3008 metalium,
877 2942 947 2996 ut
968 2935 1149 2996 refert
1183 2936 1499 3017 Faguanus
1516 2936 1580 2993 in
1609 2933 1752 3015 Cap.
1784 2935 2032 2998 Gumoa-

501 3035 711 3092 m'ssent
739 3051 894 3091 num.
926 3034 1023 3090 61.
1058 3039 1109 3089 61
1135 3049 1282 3107 seqq.
1315 3030 1381 3088 dc
1398 3028 1653 3106 judiciis.
1685 3028 1891 3109 Neque
1915 3029 1990 3090 iis
2011 3074 2029 3104 ‚

503 3146 660 3209 quae
705 3125 980 3208 superius
1020 3124 1177 3186 dicta
1207 3131 1348 3185 sunt
1369 3168 1387 3198 ‚
1433 3123 1781 3186 adversatur
1804 3170 1822 3198 ,
1871 3123 2034 3204 quod

499 3220 772 3283 eruditus
798 3221 864 3281 P.
903 3217 1198 3279 Bremond
1231 3216 1295 3277 in
1328 3217 1485 3278 notis
1517 3217 1740 3279 indicat
1762 3218 1839 3280 ad
1875 3218 2030 3278 Con-

502 3314 870 3376 stitutionem
900 3317 1034 3373 110.
1063 3309 1337 3392 Gregorii
1373 3311 1482 3372 lx.
1518 3311 1583 3371 in
1618 3310 1885 3373 Bullario
1911 3312 2033 3372 Do-

503 3409 803 3470 minicano
828 3406 979 3468 tom.
1018 3411 1097 3478 1.,
1134 3423 1346 3485 nempe
1372 3423 1409 3467 a
1428 3404 1714 3467 Pontifice
1743 3404 2032 3487 Gregorio

502 3504 613 3564 lx.
651 3501 1141 3583 Compila‘lionem
1186 3517 1356 3569 suam
1398 3517 1519 3559 non
1556 3499 1634 3559 ad
1677 3492 1990 3579 Magistros
2012 3544 2030 3574 ,

497 3606 561 3660 et
581 3596 895 3658 Auditores
924 3594 1352 3667 Bononienses,
1389 3593 1488 3655 sed
1518 3593 1874 3655 Parisienses
1905 3593 2040 3673 qui·-

505 3692 640 3753 dem
673 3690 956 3751 directam
985 3689 1194 3761 fuisse,
1220 3687 1507 3768 quoniam
1532 3687 2029 3766 accidere-potuit,

509 3792 578 3846 ut
628 3771 981 3864 Coinpilatic
1024 3783 1115 3845 ad·
1133 3790 1427 3861 utrosque
1476 3782 1819 3851 transmissa
1854 3782 2037 3845 fuerit

506 3897 579 3940 ee
613 3877 706 3939 vel
731 3877 1009 3949 maxime,
1032 3876 1177 3959 quia
1203 3875 1446 3937 Praoeul
1465 3876 1648 3938 Penia
1671 3876 2034 3939 clarissimus

509 3974 693 4034 Rotae
716 3971 978 4033 Auditor
1017 3971 1080 4033 in
1120 3970 1245 4053 vita
1285 3969 1345 4030 S.
1386 3970 1724 4052 Raymundi
1765 3970 1839 4032 de
1881 3972 2033 4033 Pen-

504 4065 705 4128 uafort
732 4064 838 4127 lib.
875 4066 930 4126 1'.
965 4084 1025 4144 p.
1062 4069 1160 4124 28.
1203 4069 1482 4139 testatur,
1520 4063 1585 4124 in
1615 4055 1907 4128 Vaticano
1937 4086 2032 4127 re-

506 4167 669 4242 gesto
695 4166 826 4239 post
862 4157 1171 4239 epistolam
1194 4155 1502 4218 Pontificis
1517 4202 1535 4232 ,
1581 4175 1704 4238 qua
1736 4158 2034 4239 Compila-

508 4253 729 4315 tionem
756 4272 924 4314 suam
940 4252 1028 4313 ad
1054 4242 1401 4333 Magistros,
1436 4257 1494 4311 et
1525 4250 1833 4313 Scholares
1863 4254 2033 4314 Pari-

506 4347 727 4410 sienses
755 4346 965 4418 mittit,
994 4345 1280 4425 scriptum
1313 4364 1381 4405 se
1408 4343 1625 4405 vidisse
1647 4389 1664 4417 ‚
1692 4352 1754 4407 et
1783 4345 2033 4408 adnota-

504 4449 658 4514 tum,
691 4440 1044 4519 inscriptum
1077 4452 1317 4519 quoque
1342 4437 1494 4498 illud
1521 4435 1685 4517 Opus
1710 4438 1891 4500 fuisse
1912 4441 2035 4501 Ma-

505 4534 727 4617 gistris,
762 4542 823 4596 et
854 4532 1172 4614 Discipulis
1197 4531 1689 4593 Bononiensibus.
1721 4531 2034 4611 Praeterea

507 4629 583 4691 ad
615 4648 742 4690 rem
774 4624 1145 4709 propositam⁸
1168 4625 1637 4688 confirmandam
1671 4626 1870 4708 magni
1905 4646 2033 4688 mo-

508 4716 692 4782 menti
724 4730 813 4783 est
834 4733 1018 4794 ,‘·non
1062 4719 1238 4781 modo
1266 4717 1724 4798 Compilationes
1760 4719 2036 4799 superius

507 4812 725 4877 relatas
750 4858 766 4885 ,
795 4812 1213 4875 verumetiam
1257 4810 1392 4872 illas
1417 4855 1434 4883 ‚
1464 4828 1622 4891 quae
1652 4830 1690 4872 a
1729 4810 2033 4876 Pontifici-

508 4907 623 4968 bus
646 4952 663 4981 ,
708 4907 852 4968 dum
888 4906 951 4967 in
999 4906 1212 4968 Galliis
1260 4905 1649 4967 morabantur
1664 4950 1680 4978 ,
1734 4905 2035 4991 confectae

506 5009 676 5074 sunt,
703 5019 906 5063 omnes
933 5000 1114 5061 fuisse
1140 4998 1471 5061 Bononiam
1505 4998 1740 5073 missas,
1777 5019 1897 5060 non
1923 5019 2034 5062 au-

508 5100 629 5154 tem
674 5094 934 5155 Lutetias
977 5094 1363 5156 Parisiorum.
1413 5094 1544 5154 Non
1589 5092 1759 5172 parvi
1795 5112 2036 5174 quoque

507 5186 791 5246 momenti
816 5193 925 5259 est,
961 5174 1198 5251 nullum
1230 5187 1581 5273 impressum
1608 5185 1914 5265 exemplar
1946 5206 2037 5249 re-

508 5277 696 5357 periri
711 5278 1109 5342 Decretalium
1126 5279 1419 5361 Gregorii
1426 5279 1563 5351 lx„
1594 5278 1656 5339 in
1684 5280 1853 5359 cujus
1870 5298 2039 5358 proe-

2242 1151 2335 1207 11.
2368 1147 2480 1209 His
2505 1167 2649 1209 vero
2674 1149 3043 1228 argumentis
3080 1149 3129 1210 si
3157 1149 3412 1212 ‘addatur
3438 1179 3453 1221 ·,
3496 1148 3651 1212 cele-

2122 1240 2416 1302 herrimos
2446 1241 2796 1303 Glossarum-
2819 1243 3135 1316 Auctores,
3170 1245 3559 1323 Interpretes,
3593 1251 3653 1304 61

2122 1334 2442 1416 Magistros
2455 1335 2613 1417 juris
2636 1334 2917 1398 Canonici
2943 1350 2968 1410 ,·
2991 1345 3097 1398 aut
3123 1337 3187 1397 in
3219 1338 3426 1398 eodem
3456 1339 3651 1398 Bono-

2125 1428 2317 1490 niensi
2336 1429 2834 1511 Archigymnasio
2850 1431 3214 1492 Professores
3225 1429 3437 1506 fuisse,
3462 1440 3567 1494 aut
3587 1433 3653 1493 in

2123 1523 2330 1584 eadem
2369 1524 2527 1586 Urbe
2553 1532 2723 1586 natos
2747 1570 2762 1597 ,
2783 1544 2970 1587 ¹nemo
3000 1526 3211 1606 utique
3239 1527 3354 1588 erit
3378 1572 3394 1599 ,
3430 1527 3536 1608 qui
3579 1526 3658 1588 de

2124 1616 2464 1697 principatu
2492 1618 2557 1678 in
2582 1619 3055 1700 jureCanonico.
3070 1621 3426 1683 contendere
3454 1628 3656 1683 nostra

2126 1731 2265 1773 eum
2294 1703 2548 1774 Civitate
2576 1712 2811 1781 audeat.
2847 1715 3185 1780 Bernardus
3218 1715 3506 1776 Bottonus
3544 1715 3657 1778 Ca-

2128 1804 2381 1867 nonicus
2407 1806 2794 1867 Bononiensis
2821 1808 3119 1870 Ecclesiae
3146 1808 3302 1883 fuit;
3335 1810 3531 1871 Guido
3557 1829 3659 1872 au-

2131 1906 2248 1960 tem
2277 1900 2509 1961 Baisius
2537 1899 3036 1974 Archidiaeonus3
3068 1903 3324 1965 loannes
3351 1904 3655 1978 Andreae,

2089 2046 2093 2050 .
2130 1993 2391 2061 Joannes
2412 1993 2783 2068 Camerinus,
2810 1994 3105 2058 Antonius
3120 1997 3364 2058 Butrius
3387 1998 3548 2060 inea
3574 1998 3666 2061 Ci-

2132 2085 2318 2149 vitate
2337 2087 2463 2149 nati
2483 2096 2646 2168 sunt,
2659 2096 2717 2150 et
2739 2089 2919 2172 hujus
2942 2090 3121 2153 etiam
3144 2091 3303 2153 Civis
3329 2091 3527 2153 vocari
3553 2111 3674 2172 po-‚

2133 2187 2247 2242 test
2263 2181 2600 2244 cardinalis
2621 2183 2951 2258 Zabarella,
2976 2204 3113 2245 cum
3132 2205 3167 2246 e
3187 2182 3472 2248 Sabatina
3494 2185 3666 2254 fami-

2134 2272 2216 2336 lia
2245 2275 2538 2358 originem
2561 2277 2761 2338 dueat.
2794 2278 3079 2340 Patritius
3109 2279 3443 2360 Regiensis,
3475 2280 3667 2342 Dinus

2132 2369 2531 2451 Mugellanus,
2547 2372 2807 2433 Ioannes
2825 2373 3236 2454 Anguisciola,
3252 2375 3510 2436 Ioannes
3531 2375 3664 2448 Dei,

2133 2463 2516 2524 Innocentius
2543 2465 2650 2525 IV.
2683 2464 2958 2532 Pontifex
2982 2511 2999 2540 ,
3041 2468 3244 2529 Abbas
3292 2468 3666 2531 Panormita-

2134 2572 2270 2628 nus,
2297 2554 2516 2617 Baldus
2538 2555 2775 2631 Ubaldi,
2800 2558 3011 2620 Petrus
3029 2559 3442 2635 Ancharanus,
3460 2561 3665 2623 Domi-

2133 2649 2304 2711 nicus
2328 2668 2363 2711 e
2381 2649 2442 2710 S.
2472 2648 2850 2725 Ge'min'iano,
2880 2653 3138 2715 Ioannes
3158 2654 3369 2729 Imola,
3400 2656 3676 2718 Andreas

2134 2743 2437 2816 Barbatia,
2468 2741 2752 2818 Parisios,
2782 2753 2841 2807 61
2865 2746 3150 2808 alithena
3179 2748 3378 2821 multi,
3407 2749 3512 2829 qui
3543 2748 3668 2830 pri-

2138 2857 2235 2898 ma
2247 2837 2405 2918 J'uris
2434 2838 2729 2900 Pontificii
2753 2838 2984 2903 lumina
3006 2842 3446 2921 praedicantur,
3470 2845 3669 2905 Lecto-

2136 2950 2231 2992 res
2256 2930 2369 2994 hac
2393 2931 2458 2992 in
2482 2933 2642 2994 Urbe
2659 2933 2973 2996 clarissimi
2997 2937 3344 2999 extiterunt.
3371 2938 3464 2998 Ibi
3487 2937 3667 3012 etiam

2137 3025 2435 3106 professus
2470 3034 2560 3089 est
2597 3028 2896 3090 Antonius
2938 3023 3306 3111 Augustinus
3349 3033 3449 3092 vir
3497 3033 3662 3094 omni

2135 3120 2647 3197 commendatione
2675 3124 2866 3205 major
2891 3143 2908 3184 ε
2938 3131 2998 3185 61
3024 3124 3138 3187 nisi
3169 3131 3446 3205 proveeta
3471 3134 3665 3190 aetate

2116 3212 2457 3293 ¹impeditus
2483 3213 2688 3276 fuisset
2709 3260 2725 3288 ,
2759 3215 2882 3278 hnc
2917 3217 3174 3279 venisset
3210 3218 3485 3301 Cujacius
3527 3221 3667 3281 ubi·

2131 3315 2257 3385 ’que
2285 3313 2582 3373 terrarum
2607 3308 3031 3372 celeberrimus
3052 3354 3068 3384 ,
3101 3330 3284 3391 quem
3311 3332 3529 3394 magno
3557 3315 3668 3375 ob-

2136 3399 2260 3462 lato
2281 3400 2576 3481 stipendio
2594 3402 2919 3485 Gregorius
2927 3405 3099 3467 xlnz
3117 3405 3494 3470 invitaverat.
3512 3408 3676 3470 Haec

2137 3495 2569 3558 autemvomnia
2594 3496 2920 3560 certissima
2957 3504 3096 3561 sunt
3120 3545 3136 3573 ,
3180 3507 3242 3562 et
3271 3501 3390 3582 legi
3419 3510 3670 3582 possunt

2140 3588 2205 3650 iu
2230 3589 2426 3670 Opere
2452 3591 2747 3652 Panciroli
2777 3592 2851 3653 de
2875 3592 3070 3655 Sacris
3100 3593 3300 3676 legum
3324 3596 3673 3678 interpreti-⁴

2139 3682 2296 3755 bus,
2325 3690 2385 3744 et
2420 3681 3008 3753 in·Praenotionibus
3047 3687 3361 3750 Canonicis
3399 3691 3620 3773 DouJ’at
3644 3737 3662 3764 ,

2137 3783 2197 3838 61
2216 3776 2384 3857 apud
2407 3792 2509 3849 666
2528 3797 2753 3853 omnes,
2782 3781 2888 3861 qui
2908 3782 3096 3844 vitas·
3071 3782 3228 3864 Juris
3246 3782 3668 3848 Consultorum

2138 3870 2387 3954 scriptas
2410 3874 2659 3952 posteris
2683 3875 3078 3955 reliquerunt.

2259 3971 2351 4026 12.
2383 3966 2504 4026 Diu
2526 3966 2771 4047 quidem
2801 3969 2980 4032 Sacra
3003 3971 3326 4054 Theologia
3352 3973 3510 4035 idem
3537 3971 3668 4055 pla-

2139 4079 2225 4121 ne
2235 4069 2324 4122 est
2349 4059 2597 4131 habita,
2625 4081 2696 4123 ac
2711 4066 2813 4143 jus
2839 4064 3259 4139 Pontificium,
3288 4067 3433 4147 quia
3460 4084 3669 4133 revera

2138 4154 2303 4216 Sacri
2331 4154 2599 4217 Canones
2621 4175 2838 4238 magna
2862 4177 2938 4219 ex
2965 4165 3133 4240 parte
3158 4160 3311 4222 nihil
3341 4160 3507 4222 aliud
3537 4180 3672 4223 eon-

2140 4248 2364 4322 tinent,
2390 4264 2572 4330 quam
2600 4250 3004 4315 conclusiones
3025 4272 3101 4315 ex
3120 4253 3477 4336 Theologiae
3502 4254 3670 4336 prin-

2137 4342 2311 4422 cipiis
2330 4342 2628 4417 deductas,
2645 4348 2996 4427 utapposite
3013 4348 3090 4409 ad
3106 4367 3233 4409 rem
3254 4358 3515 4411 nostmm
3535 4368 3672 4411 con-

2138 4437 2361 4498 siderat
2384 4438 2642 4515 loannes
2666 4440 2892 4502 Gerson
2923 4442 2984 4502 in
3008 4460 3282 4504 sermone
3306 4487 3323 4515 ‚
3357 4463 3535 4524 quem
3567 4445 3671 4507 ba-

2140 4530 2272 4593 buit
2296 4530 2373 4593 ad
2401 4530 2737 4595 Licmtiatos
2764 4535 2826 4596 in
2850 4537 2989 4617 jure
3017 4536 3334 4611 Canonico,
3357 4538 3461 4618 qui
3490 4537 3671 4600 inser-

2141 4632 2236 4686 tus
2257 4633 2344 4687 est
2370 4625 2434 4686 iu
2464 4634 2623 4688 tomo
2642 4630 2900 4691 secundo
2924 4634 3053 4712 ejus
3073 4632 3368 4711 Operum:
3394 4632 3495 4694 Sic
3511 4637 3674 4694 insti-

2141 4728 2267 4779 tuta
2281 4719 2536 4791 =cicietur,
2560 4730 2610 4780 61
2628 4722 2937 4798 quomam
2954 4724 3123 4802 fuisso
3144 4725 3674 4804 sufficienter-Eccle-

2136 4813 2225 4873 sia
2236 4811 2631 4892 primitiva-'ab
2639 4813 2940 4895 Apostolis,
2963 4836 3040 4877 66
3055 4818 3248 4878 deindo
3263 4838 3367 4897 por
3386 4824 3670 4882 successio-

2138 4924 2233 4965 nes
2253 4907 2443 4966 varias
2463 4926 2638 4985 nsque
2654 4898 2731 4967 cd
2749 4907 3008 4970 Doctores
3031 4910 3267 4971 Sanctus
3288 4914 3555 4973 inclusive
3570 4934 3672 4994 per

2138 5009 2599 5078 quatuor-contum
2618 5009 2793 5062 annos
2818 5006 3135 5084 etamplius
3150 5054 3166 5076 ,
3193 5008 3393 5083 quibus
3420 5010 3675 5087 κενψον-ι·-

2140 5094 2239 5152 bus
2264 5111 2379 5151 non
2406 5103 2528 5154 orat
2553 5093 2836 5155 distinctio
2867 5096 3262 5179 Theoloyorum
3283 5145 3299 5172 ,
3320 5111 3390 5159 61·
3418 5098 3670 5161 Canoni-

2138 5196 2378 5257 starvm,
2407 5188 2532 5247 licet
2555 5182 2805 5249 Uonones
2829 5190 3002 5252 Sacri
3027 5196 3198 5253 multi
3217 5202 3389 5254 essem
3410 5196 3567 5254 ultra
3592 5205 3676 5253 10⁴

2140 5299 2334 5343 norom
2363 5281 2727 5342 traditurum
2752 5284 3120 5365 Evanqeliis,
3150 5297 3203 5348 61
3242 5288 3470 5348 caeteris
3513 5289 3671 5348 libris

510 5368 631 5429 mio
678 5368 985 5451 inscriptio
1005 5371 1526 5480 Archigymnasio
1568 5366 1869 5433 Bononiae
1913 5391 2035 5433 non
2144 5372 2466 5435 Genetricis.
2503 5374 2657 5443 Hinc
2682 5397 2808 5439 vero
2831 5379 3115 5451 Canoncs,
3138 5385 3190 5440 εἰ
3210 5383 3336 5441 bone
3361 5382 3670 5460 inspicio*

506 5461 759 5545 legatur.
812 5465 1064 5527 nemum
1114 5464 1177 5527 in
1228 5483 1474 5545 corpore
1502 5463 1658 5545 J'uris
1702 5464 2032 5540 Canonici,

2146 5479 2263 5539 tur,
2291 5481 2404 5529 non
2422 5481 2552 5531 sunt
2577 5475 2694 5533 nisi
2715 5470 3102 5538 Conclusam
3130 5478 3345 5537 elicitae
3364 5477 3450 5536 661
3474 5476 3672 5538 illatae
