<?xml version="1.0" encoding="UTF-8"?>
<!DOCTYPE html PUBLIC "-//W3C//DTD XHTML 1.0 Transitional//EN"
    "http://www.w3.org/TR/xhtml1/DTD/xhtml1-transitional.dtd">
<html xmlns="http://www.w3.org/1999/xhtml" xml:lang="en" lang="en">
 <head>
  <title>
</title>
<meta http-equiv="Content-Type" content="text/html;charset=utf-8" />
  <meta name='ocr-system' content='tesseract 3.04.00' />
  <meta name='ocr-capabilities' content='ocr_page ocr_carea ocr_par ocr_line ocrx_word'/>
</head>
<body>
  <div class='ocr_page' id='page_1' title='image "benedictixivpon00xivgoog_0021.png"; bbox 0 0 4487 6316; ppageno 0'>
   <div class='ocr_carea' id='block_1_1' title="bbox 3334 552 3474 606">
    <p class='ocr_par' dir='ltr' id='par_1_1' title="bbox 3334 552 3474 606">
     <span class='ocr_line' id='line_1_1' title="bbox 3334 552 3474 606; baseline 0.021 -3"><span class='ocrx_word' id='word_1_1' title='bbox 3334 552 3474 606; x_wconf 74' lang='lat' dir='ltr'><strong>xvu</strong></span> 
     </span>
    </p>
   </div>
   <div class='ocr_carea' id='block_1_2' title="bbox 425 691 3697 5671">
    <p class='ocr_par' dir='ltr' id='par_1_2' title="bbox 425 691 3679 2001">
     <span class='ocr_line' id='line_1_2' title="bbox 427 691 3656 776; baseline 0.001 -22"><span class='ocrx_word' id='word_1_2' title='bbox 427 692 654 767; x_wconf 83' lang='lat' dir='ltr'><strong>Sacris,</strong></span> <span class='ocrx_word' id='word_1_3' title='bbox 706 694 875 761; x_wconf 81' lang='lat' dir='ltr'><strong>adest</strong></span> <span class='ocrx_word' id='word_1_4' title='bbox 909 694 1094 761; x_wconf 78' lang='lat' dir='ltr'><strong>etiam</strong></span> <span class='ocrx_word' id='word_1_5' title='bbox 1139 694 1424 757; x_wconf 77' lang='lat' dir='ltr'><strong>Summus</strong></span> <span class='ocrx_word' id='word_1_6' title='bbox 1467 691 1843 761; x_wconf 66' lang='lat' dir='ltr'><strong>Christianae</strong></span> <span class='ocrx_word' id='word_1_7' title='bbox 1878 693 2266 776; x_wconf 79' lang='lat' dir='ltr'><strong>Reipublicae</strong></span> <span class='ocrx_word' id='word_1_8' title='bbox 2301 695 2578 772; x_wconf 82' lang='lat' dir='ltr'><strong>Arbiter,</strong></span> <span class='ocrx_word' id='word_1_9' title='bbox 2624 697 2797 776; x_wconf 81' lang='lat' dir='ltr'><strong>cujus</strong></span> <span class='ocrx_word' id='word_1_10' title='bbox 2826 695 3102 767; x_wconf 86' lang='lat' dir='ltr'><strong>oracula,</strong></span> <span class='ocrx_word' id='word_1_11' title='bbox 3141 696 3317 775; x_wconf 80' lang='lat' dir='ltr'><strong>siqua</strong></span> <span class='ocrx_word' id='word_1_12' title='bbox 3364 698 3422 756; x_wconf 88' lang='lat' dir='ltr'><strong>in</strong></span> <span class='ocrx_word' id='word_1_13' title='bbox 3460 696 3656 757; x_wconf 82' lang='lat' dir='ltr'><strong>Sacris</strong></span> 
     </span>
     <span class='ocr_line' id='line_1_3' title="bbox 427 789 3654 871; baseline -0 -20"><span class='ocrx_word' id='word_1_14' title='bbox 427 789 665 851; x_wconf 82' lang='lat' dir='ltr'><strong>Ritibus</strong></span> <span class='ocrx_word' id='word_1_15' title='bbox 702 790 892 853; x_wconf 87' lang='lat' dir='ltr'><strong>dubia</strong></span> <span class='ocrx_word' id='word_1_16' title='bbox 929 789 1236 862; x_wconf 84' lang='lat' dir='ltr'><strong>oriantur,</strong></span> <span class='ocrx_word' id='word_1_17' title='bbox 1280 789 1645 869; x_wconf 82' lang='lat' dir='ltr'><strong>¹posthabitis</strong></span> <span class='ocrx_word' id='word_1_18' title='bbox 1691 790 1967 850; x_wconf 87' lang='lat' dir='ltr'><strong>omnium</strong></span> <span class='ocrx_word' id='word_1_19' title='bbox 2019 789 2418 851; x_wconf 85' lang='lat' dir='ltr'><strong>Literatorum</strong></span> <span class='ocrx_word' id='word_1_20' title='bbox 2448 790 2722 871; x_wconf 79' lang='lat' dir='ltr'><strong>judiciis,</strong></span> <span class='ocrx_word' id='word_1_21' title='bbox 2759 791 3155 870; x_wconf 88' lang='lat' dir='ltr'><strong>omniumque</strong></span> <span class='ocrx_word' id='word_1_22' title='bbox 3198 791 3654 852; x_wconf 73' lang='lat' dir='ltr'><strong>Academiarum</strong></span> 
     </span>
     <span class='ocr_line' id='line_1_4' title="bbox 426 884 3652 965; baseline 0 -20"><span class='ocrx_word' id='word_1_23' title='bbox 426 884 765 958; x_wconf 85' lang='lat' dir='ltr'><strong>sententiis,</strong></span> <span class='ocrx_word' id='word_1_24' title='bbox 802 885 951 947; x_wconf 89' lang='lat' dir='ltr'><strong>tanti</strong></span> <span class='ocrx_word' id='word_1_25' title='bbox 990 884 1275 958; x_wconf 85' lang='lat' dir='ltr'><strong>facimus,</strong></span> <span class='ocrx_word' id='word_1_26' title='bbox 1309 895 1377 945; x_wconf 90' lang='lat' dir='ltr'><strong>ut</strong></span> <span class='ocrx_word' id='word_1_27' title='bbox 1409 884 1564 945; x_wconf 91' lang='lat' dir='ltr'><strong>nihil</strong></span> <span class='ocrx_word' id='word_1_28' title='bbox 1598 884 1853 945; x_wconf 88' lang='lat' dir='ltr'><strong>ulterius</strong></span> <span class='ocrx_word' id='word_1_29' title='bbox 1885 884 2287 945; x_wconf 84' lang='lat' dir='ltr'><strong>dubitandum</strong></span> <span class='ocrx_word' id='word_1_30' title='bbox 2318 884 2492 945; x_wconf 91' lang='lat' dir='ltr'><strong>nobis</strong></span> <span class='ocrx_word' id='word_1_31' title='bbox 2523 885 2630 955; x_wconf 89' lang='lat' dir='ltr'><strong>sit,</strong></span> <span class='ocrx_word' id='word_1_32' title='bbox 2666 884 2901 964; x_wconf 87' lang='lat' dir='ltr'><strong>quoties</strong></span> <span class='ocrx_word' id='word_1_33' title='bbox 2933 886 3008 945; x_wconf 93' lang='lat' dir='ltr'><strong>de</strong></span> <span class='ocrx_word' id='word_1_34' title='bbox 3040 905 3112 946; x_wconf 85' lang='lat' dir='ltr'><strong>eo</strong></span> <span class='ocrx_word' id='word_1_35' title='bbox 3138 885 3450 959; x_wconf 90' lang='lat' dir='ltr'><strong>audimus,</strong></span> <span class='ocrx_word' id='word_1_36' title='bbox 3488 888 3652 965; x_wconf 89' lang='lat' dir='ltr'><strong>quod</strong></span> 
     </span>
     <span class='ocr_line' id='line_1_5' title="bbox 425 977 3654 1061; baseline 0.001 -22"><span class='ocrx_word' id='word_1_37' title='bbox 425 977 575 1039; x_wconf 89' lang='lat' dir='ltr'><strong>olim</strong></span> <span class='ocrx_word' id='word_1_38' title='bbox 603 978 678 1039; x_wconf 90' lang='lat' dir='ltr'><strong>de</strong></span> <span class='ocrx_word' id='word_1_39' title='bbox 712 979 1034 1059; x_wconf 83' lang='lat' dir='ltr'><strong>Pithagora</strong></span> <span class='ocrx_word' id='word_1_40' title='bbox 1069 977 1244 1057; x_wconf 83' lang='lat' dir='ltr'><strong>longe</strong></span> <span class='ocrx_word' id='word_1_41' title='bbox 1276 978 1515 1058; x_wconf 84' lang='lat' dir='ltr'><strong>dispare</strong></span> <span class='ocrx_word' id='word_1_42' title='bbox 1546 977 1723 1039; x_wconf 91' lang='lat' dir='ltr'><strong>titulo</strong></span> <span class='ocrx_word' id='word_1_43' title='bbox 1754 977 2099 1039; x_wconf 86' lang='lat' dir='ltr'><strong>dicebatur:</strong></span> <span class='ocrx_word' id='word_1_44' title='bbox 2136 978 2260 1059; x_wconf 77' lang='lat' dir='ltr'><strong>Ipse</strong></span> <span class='ocrx_word' id='word_1_45' title='bbox 2289 980 2442 1038; x_wconf 71' lang='lat' dir='ltr'><strong>dixit</strong></span> <span class='ocrx_word' id='word_1_46' title='bbox 2462 999 2481 1038; x_wconf 90' lang='lat'><strong>.·</strong></span> <span class='ocrx_word' id='word_1_47' title='bbox 2512 979 2745 1040; x_wconf 83' lang='lat' dir='ltr'><strong>Adsunt</strong></span> <span class='ocrx_word' id='word_1_48' title='bbox 2778 979 2878 1041; x_wconf 89' lang='lat' dir='ltr'><strong>hic</strong></span> <span class='ocrx_word' id='word_1_49' title='bbox 2906 979 3180 1060; x_wconf 88' lang='lat' dir='ltr'><strong>plerique</strong></span> <span class='ocrx_word' id='word_1_50' title='bbox 3210 980 3457 1061; x_wconf 82' lang='lat' dir='ltr'><strong>Collegii</strong></span> <span class='ocrx_word' id='word_1_51' title='bbox 3494 983 3654 1060; x_wconf 85' lang='lat' dir='ltr'><strong>Apo-</strong></span> 
     </span>
     <span class='ocr_line' id='line_1_6' title="bbox 426 1070 3657 1155; baseline 0.001 -24"><span class='ocrx_word' id='word_1_52' title='bbox 426 1070 618 1132; x_wconf 86' lang='lat' dir='ltr'><strong>stolici</strong></span> <span class='ocrx_word' id='word_1_53' title='bbox 647 1072 994 1149; x_wconf 68' lang='lat' dir='ltr'><strong>Senatoroe;</strong></span> <span class='ocrx_word' id='word_1_54' title='bbox 1026 1072 1246 1133; x_wconf 81' lang='lat' dir='ltr'><strong>adsunt</strong></span> <span class='ocrx_word' id='word_1_55' title='bbox 1280 1071 1453 1133; x_wconf 91' lang='lat' dir='ltr'><strong>multi</strong></span> <span class='ocrx_word' id='word_1_56' title='bbox 1488 1079 1832 1134; x_wconf 75' lang='lat' dir='ltr'><strong>exterarum</strong></span> <span class='ocrx_word' id='word_1_57' title='bbox 1866 1071 2269 1134; x_wconf 75' lang='lat' dir='ltr'><strong>Ecclesiamm</strong></span> <span class='ocrx_word' id='word_1_58' title='bbox 2305 1073 2650 1145; x_wconf 83' lang='lat' dir='ltr'><strong>Pontifices;</strong></span> <span class='ocrx_word' id='word_1_59' title='bbox 2687 1073 2906 1135; x_wconf 78' lang='lat' dir='ltr'><strong>adsunt</strong></span> <span class='ocrx_word' id='word_1_60' title='bbox 2933 1073 3197 1155; x_wconf 88' lang='lat' dir='ltr'><strong>denique</strong></span> <span class='ocrx_word' id='word_1_61' title='bbox 3224 1094 3434 1136; x_wconf 88' lang='lat' dir='ltr'><strong>omnes</strong></span> <span class='ocrx_word' id='word_1_62' title='bbox 3467 1075 3657 1135; x_wconf 88' lang='lat' dir='ltr'><strong>ferme</strong></span> 
     </span>
     <span class='ocr_line' id='line_1_7' title="bbox 428 1163 3658 1248; baseline 0.001 -21"><span class='ocrx_word' id='word_1_63' title='bbox 428 1163 864 1245; x_wconf 71' lang='lat' dir='ltr'><strong>Religiomrum</strong></span> <span class='ocrx_word' id='word_1_64' title='bbox 899 1165 1198 1226; x_wconf 88' lang='lat' dir='ltr'><strong>Ordinum</strong></span> <span class='ocrx_word' id='word_1_65' title='bbox 1247 1164 1571 1226; x_wconf 73' lang='lat' dir='ltr'><strong>Praesides.</strong></span> <span class='ocrx_word' id='word_1_66' title='bbox 1612 1167 1768 1226; x_wconf 86' lang='lat' dir='ltr'><strong>Num</strong></span> <span class='ocrx_word' id='word_1_67' title='bbox 1812 1165 2238 1247; x_wconf 82' lang='lat' dir='ltr'><strong>Magistrorum</strong></span> <span class='ocrx_word' id='word_1_68' title='bbox 2270 1166 2492 1247; x_wconf 68' lang='lat' dir='ltr'><strong>Copia?</strong></span> <span class='ocrx_word' id='word_1_69' title='bbox 2530 1168 2607 1229; x_wconf 91' lang='lat' dir='ltr'><strong>At</strong></span> <span class='ocrx_word' id='word_1_70' title='bbox 2647 1166 2819 1228; x_wconf 87' lang='lat' dir='ltr'><strong>floret</strong></span> <span class='ocrx_word' id='word_1_71' title='bbox 2859 1166 2989 1241; x_wconf 80' lang='lat' dir='ltr'><strong>hic,</strong></span> <span class='ocrx_word' id='word_1_72' title='bbox 3032 1186 3386 1248; x_wconf 80' lang='lat' dir='ltr'><strong>semperque</strong></span> <span class='ocrx_word' id='word_1_73' title='bbox 3417 1167 3658 1229; x_wconf 81' lang='lat' dir='ltr'><strong>florebit</strong></span> 
     </span>
     <span class='ocr_line' id='line_1_8' title="bbox 427 1258 3655 1341; baseline 0.001 -22"><span class='ocrx_word' id='word_1_74' title='bbox 427 1266 630 1319; x_wconf 90' lang='lat' dir='ltr'><strong>coetus</strong></span> <span class='ocrx_word' id='word_1_75' title='bbox 675 1258 776 1319; x_wconf 89' lang='lat' dir='ltr'><strong>ille</strong></span> <span class='ocrx_word' id='word_1_76' title='bbox 818 1259 1010 1320; x_wconf 88' lang='lat' dir='ltr'><strong>multo</strong></span> <span class='ocrx_word' id='word_1_77' title='bbox 1052 1258 1458 1340; x_wconf 85' lang='lat' dir='ltr'><strong>amplissimus</strong></span> <span class='ocrx_word' id='word_1_78' title='bbox 1498 1280 1575 1321; x_wconf 86' lang='lat' dir='ltr'><strong>ex</strong></span> <span class='ocrx_word' id='word_1_79' title='bbox 1618 1259 2001 1339; x_wconf 77' lang='lat' dir='ltr'><strong>gravioribus</strong></span> <span class='ocrx_word' id='word_1_80' title='bbox 2044 1260 2403 1341; x_wconf 89' lang='lat' dir='ltr'><strong>Purpuratis</strong></span> <span class='ocrx_word' id='word_1_81' title='bbox 2446 1260 2756 1339; x_wconf 85' lang='lat' dir='ltr'><strong>Patribus,</strong></span> <span class='ocrx_word' id='word_1_82' title='bbox 2791 1281 2865 1325; x_wconf 86' lang='lat' dir='ltr'><strong>ex</strong></span> <span class='ocrx_word' id='word_1_83' title='bbox 2918 1261 3302 1325; x_wconf 74' lang='lat' dir='ltr'><strong>praesulibus</strong></span> <span class='ocrx_word' id='word_1_84' title='bbox 3344 1264 3655 1325; x_wconf 88' lang='lat' dir='ltr'><strong>ornatissi-</strong></span> 
     </span>
     <span class='ocr_line' id='line_1_9' title="bbox 427 1350 3657 1436; baseline 0.002 -25"><span class='ocrx_word' id='word_1_85' title='bbox 427 1350 572 1425; x_wconf 87' lang='lat' dir='ltr'><strong>mis,</strong></span> <span class='ocrx_word' id='word_1_86' title='bbox 603 1372 679 1413; x_wconf 81' lang='lat' dir='ltr'><strong>ex</strong></span> <span class='ocrx_word' id='word_1_87' title='bbox 711 1352 1164 1433; x_wconf 79' lang='lat' dir='ltr'><strong>sapientissimis</strong></span> <span class='ocrx_word' id='word_1_88' title='bbox 1198 1354 1512 1433; x_wconf 76' lang='lat' dir='ltr'><strong>lteligiosis</strong></span> <span class='ocrx_word' id='word_1_89' title='bbox 1538 1353 1687 1415; x_wconf 89' lang='lat' dir='ltr'><strong>viris</strong></span> <span class='ocrx_word' id='word_1_90' title='bbox 1718 1352 2012 1427; x_wconf 87' lang='lat' dir='ltr'><strong>delectus,</strong></span> <span class='ocrx_word' id='word_1_91' title='bbox 2050 1374 2233 1436; x_wconf 92' lang='lat' dir='ltr'><strong>quem</strong></span> <span class='ocrx_word' id='word_1_92' title='bbox 2266 1354 2550 1417; x_wconf 86' lang='lat' dir='ltr'><strong>universa</strong></span> <span class='ocrx_word' id='word_1_93' title='bbox 2579 1354 2885 1418; x_wconf 89' lang='lat' dir='ltr'><strong>Catholica</strong></span> <span class='ocrx_word' id='word_1_94' title='bbox 2911 1355 3173 1417; x_wconf 73' lang='lat' dir='ltr'><strong>Ecclesia</strong></span> <span class='ocrx_word' id='word_1_95' title='bbox 3203 1358 3520 1418; x_wconf 78' lang='lat' dir='ltr'><strong>Sacrorum</strong></span> <span class='ocrx_word' id='word_1_96' title='bbox 3551 1356 3657 1418; x_wconf 82' lang='lat' dir='ltr'><strong>Ri-</strong></span> 
     </span>
     <span class='ocr_line' id='line_1_10' title="bbox 428 1447 3658 1530; baseline 0.002 -24"><span class='ocrx_word' id='word_1_97' title='bbox 428 1451 600 1527; x_wconf 78' lang='lat' dir='ltr'><strong>tuum</strong></span> <span class='ocrx_word' id='word_1_98' title='bbox 636 1447 1020 1528; x_wconf 76' lang='lat' dir='ltr'><strong>interpretem</strong></span> <span class='ocrx_word' id='word_1_99' title='bbox 1040 1493 1057 1521; x_wconf 91' lang='lat'><strong>,</strong></span> <span class='ocrx_word' id='word_1_100' title='bbox 1093 1449 1665 1529; x_wconf 84' lang='lat' dir='ltr'><strong>explanatoremque</strong></span> <span class='ocrx_word' id='word_1_101' title='bbox 1699 1449 2117 1510; x_wconf 82' lang='lat' dir='ltr'><strong>deveneratur.</strong></span> <span class='ocrx_word' id='word_1_102' title='bbox 2151 1449 2313 1509; x_wconf 81' lang='lat' dir='ltr'><strong>Num</strong></span> <span class='ocrx_word' id='word_1_103' title='bbox 2340 1449 2686 1511; x_wconf 87' lang='lat' dir='ltr'><strong>auditorum</strong></span> <span class='ocrx_word' id='word_1_104' title='bbox 2720 1448 3097 1530; x_wconf 72' lang='lat' dir='ltr'><strong>frequentia?</strong></span> <span class='ocrx_word' id='word_1_105' title='bbox 3135 1451 3213 1511; x_wconf 89' lang='lat' dir='ltr'><strong>At</strong></span> <span class='ocrx_word' id='word_1_106' title='bbox 3255 1451 3658 1512; x_wconf 86' lang='lat' dir='ltr'><strong>dubitandum</strong></span> 
     </span>
     <span class='ocr_line' id='line_1_11' title="bbox 431 1540 3661 1625; baseline 0.002 -25"><span class='ocrx_word' id='word_1_107' title='bbox 431 1547 702 1614; x_wconf 83' lang='lat' dir='ltr'><strong>non-est,</strong></span> <span class='ocrx_word' id='word_1_108' title='bbox 740 1540 892 1621; x_wconf 89' lang='lat' dir='ltr'><strong>quin</strong></span> <span class='ocrx_word' id='word_1_109' title='bbox 928 1542 1103 1603; x_wconf 89' lang='lat' dir='ltr'><strong>multi</strong></span> <span class='ocrx_word' id='word_1_110' title='bbox 1139 1542 1618 1606; x_wconf 86' lang='lat' dir='ltr'><strong>Adolescentium</strong></span> <span class='ocrx_word' id='word_1_111' title='bbox 1652 1543 1767 1604; x_wconf 90' lang='lat' dir='ltr'><strong>hac</strong></span> <span class='ocrx_word' id='word_1_112' title='bbox 1791 1541 1995 1604; x_wconf 88' lang='lat' dir='ltr'><strong>oblata</strong></span> <span class='ocrx_word' id='word_1_113' title='bbox 2026 1543 2348 1605; x_wconf 85' lang='lat' dir='ltr'><strong>Sacrorum</strong></span> <span class='ocrx_word' id='word_1_114' title='bbox 2383 1543 2633 1605; x_wconf 84' lang='lat' dir='ltr'><strong>Ritnum</strong></span> <span class='ocrx_word' id='word_1_115' title='bbox 2680 1544 3180 1606; x_wconf 82' lang='lat' dir='ltr'><strong>addiscendornm</strong></span> <span class='ocrx_word' id='word_1_116' title='bbox 3212 1546 3661 1625; x_wconf 81' lang='lat' dir='ltr'><strong>opportunitate</strong></span> 
     </span>
     <span class='ocr_line' id='line_1_12' title="bbox 428 1633 3658 1717; baseline 0.002 -25"><span class='ocrx_word' id='word_1_117' title='bbox 428 1641 701 1708; x_wconf 71' lang='lat' dir='ltr'><strong>utantur,</strong></span> <span class='ocrx_word' id='word_1_118' title='bbox 730 1654 868 1696; x_wconf 90' lang='lat' dir='ltr'><strong>cum</strong></span> <span class='ocrx_word' id='word_1_119' title='bbox 898 1633 1144 1714; x_wconf 84' lang='lat' dir='ltr'><strong>plurimi</strong></span> <span class='ocrx_word' id='word_1_120' title='bbox 1173 1656 1385 1698; x_wconf 90' lang='lat' dir='ltr'><strong>eorum</strong></span> <span class='ocrx_word' id='word_1_121' title='bbox 1409 1657 1486 1696; x_wconf 75' lang='lat' dir='ltr'><strong>ex</strong></span> <span class='ocrx_word' id='word_1_122' title='bbox 1513 1636 1797 1701; x_wconf 85' lang='lat' dir='ltr'><strong>universo</strong></span> <span class='ocrx_word' id='word_1_123' title='bbox 1827 1635 2014 1697; x_wconf 86' lang='lat' dir='ltr'><strong>ferme</strong></span> <span class='ocrx_word' id='word_1_124' title='bbox 2041 1645 2340 1698; x_wconf 87' lang='lat' dir='ltr'><strong>terrarum</strong></span> <span class='ocrx_word' id='word_1_125' title='bbox 2369 1638 2532 1698; x_wconf 85' lang='lat' dir='ltr'><strong>Orbe</strong></span> <span class='ocrx_word' id='word_1_126' title='bbox 2560 1637 2624 1698; x_wconf 91' lang='lat' dir='ltr'><strong>in</strong></span> <span class='ocrx_word' id='word_1_127' title='bbox 2652 1638 2808 1698; x_wconf 90' lang='lat' dir='ltr'><strong>hanc</strong></span> <span class='ocrx_word' id='word_1_128' title='bbox 2836 1636 3027 1717; x_wconf 86' lang='lat' dir='ltr'><strong>ipsam</strong></span> <span class='ocrx_word' id='word_1_129' title='bbox 3061 1638 3282 1699; x_wconf 86' lang='lat' dir='ltr'><strong>Urbem</strong></span> <span class='ocrx_word' id='word_1_130' title='bbox 3309 1637 3474 1699; x_wconf 87' lang='lat' dir='ltr'><strong>Juris</strong></span> <span class='ocrx_word' id='word_1_131' title='bbox 3502 1640 3658 1700; x_wconf 87' lang='lat' dir='ltr'><strong>Pon-</strong></span> 
     </span>
     <span class='ocr_line' id='line_1_13' title="bbox 431 1727 3679 1814; baseline 0.002 -26"><span class='ocrx_word' id='word_1_132' title='bbox 431 1727 631 1801; x_wconf 73' lang='lat' dir='ltr'><strong>uticii,</strong></span> <span class='ocrx_word' id='word_1_133' title='bbox 660 1737 721 1789; x_wconf 90' lang='lat' dir='ltr'><strong>et</strong></span> <span class='ocrx_word' id='word_1_134' title='bbox 746 1728 956 1790; x_wconf 87' lang='lat' dir='ltr'><strong>Civilis</strong></span> <span class='ocrx_word' id='word_1_135' title='bbox 986 1729 1181 1809; x_wconf 83' lang='lat' dir='ltr'><strong>gratia</strong></span> <span class='ocrx_word' id='word_1_136' title='bbox 1225 1730 1549 1792; x_wconf 87' lang='lat' dir='ltr'><strong>convenire</strong></span> <span class='ocrx_word' id='word_1_137' title='bbox 1592 1729 1854 1802; x_wconf 81' lang='lat' dir='ltr'><strong>soleant3</strong></span> <span class='ocrx_word' id='word_1_138' title='bbox 1889 1729 1986 1790; x_wconf 89' lang='lat' dir='ltr'><strong>his</strong></span> <span class='ocrx_word' id='word_1_139' title='bbox 2018 1728 2182 1790; x_wconf 91' lang='lat' dir='ltr'><strong>enim</strong></span> <span class='ocrx_word' id='word_1_140' title='bbox 2216 1729 2432 1791; x_wconf 85' lang='lat' dir='ltr'><strong>studiis</strong></span> <span class='ocrx_word' id='word_1_141' title='bbox 2463 1728 2653 1792; x_wconf 84' lang='lat' dir='ltr'><strong>multa</strong></span> <span class='ocrx_word' id='word_1_142' title='bbox 2684 1729 2749 1791; x_wconf 90' lang='lat' dir='ltr'><strong>in</strong></span> <span class='ocrx_word' id='word_1_143' title='bbox 2784 1729 3059 1810; x_wconf 88' lang='lat' dir='ltr'><strong>quolibet</strong></span> <span class='ocrx_word' id='word_1_144' title='bbox 3093 1731 3300 1812; x_wconf 75' lang='lat' dir='ltr'><strong>Regno</strong></span> <span class='ocrx_word' id='word_1_145' title='bbox 3332 1731 3679 1814; x_wconf 24' lang='lat' dir='ltr'><strong>Gymnasiu-</strong></span> 
     </span>
     <span class='ocr_line' id='line_1_14' title="bbox 429 1822 3662 1906; baseline 0.001 -22"><span class='ocrx_word' id='word_1_146' title='bbox 429 1822 700 1886; x_wconf 86' lang='lat' dir='ltr'><strong>dedicata</strong></span> <span class='ocrx_word' id='word_1_147' title='bbox 731 1831 904 1897; x_wconf 89' lang='lat' dir='ltr'><strong>sunt,</strong></span> <span class='ocrx_word' id='word_1_148' title='bbox 941 1824 1064 1886; x_wconf 88' lang='lat' dir='ltr'><strong>illis</strong></span> <span class='ocrx_word' id='word_1_149' title='bbox 1107 1825 1313 1887; x_wconf 85' lang='lat' dir='ltr'><strong>nullae</strong></span> <span class='ocrx_word' id='word_1_150' title='bbox 1363 1825 1520 1888; x_wconf 87' lang='lat' dir='ltr'><strong>aliae</strong></span> <span class='ocrx_word' id='word_1_151' title='bbox 1567 1825 1858 1887; x_wconf 87' lang='lat' dir='ltr'><strong>hactenus</strong></span> <span class='ocrx_word' id='word_1_152' title='bbox 1906 1823 2160 1886; x_wconf 89' lang='lat' dir='ltr'><strong>Scholae</strong></span> <span class='ocrx_word' id='word_1_153' title='bbox 2191 1833 2429 1905; x_wconf 86' lang='lat' dir='ltr'><strong>patent,</strong></span> <span class='ocrx_word' id='word_1_154' title='bbox 2466 1845 2651 1906; x_wconf 89' lang='lat' dir='ltr'><strong>qnam</strong></span> <span class='ocrx_word' id='word_1_155' title='bbox 2684 1825 2870 1898; x_wconf 89' lang='lat' dir='ltr'><strong>duae,</strong></span> <span class='ocrx_word' id='word_1_156' title='bbox 2907 1825 3099 1888; x_wconf 85' lang='lat' dir='ltr'><strong>altera</strong></span> <span class='ocrx_word' id='word_1_157' title='bbox 3129 1845 3287 1906; x_wconf 88' lang='lat' dir='ltr'><strong>quae</strong></span> <span class='ocrx_word' id='word_1_158' title='bbox 3319 1826 3662 1889; x_wconf 87' lang='lat' dir='ltr'><strong>Conimbri-</strong></span> 
     </span>
     <span class='ocr_line' id='line_1_15' title="bbox 427 1918 2463 2001; baseline -0.001 -21"><span class='ocrx_word' id='word_1_159' title='bbox 427 1937 531 1980; x_wconf 84' lang='lat' dir='ltr'><strong>cae</strong></span> <span class='ocrx_word' id='word_1_160' title='bbox 559 1937 753 1999; x_wconf 86' lang='lat' dir='ltr'><strong>nuper</strong></span> <span class='ocrx_word' id='word_1_161' title='bbox 777 1918 1014 1982; x_wconf 88' lang='lat' dir='ltr'><strong>decreta</strong></span> <span class='ocrx_word' id='word_1_162' title='bbox 1047 1928 1165 1992; x_wconf 87' lang='lat' dir='ltr'><strong>est,</strong></span> <span class='ocrx_word' id='word_1_163' title='bbox 1201 1921 1392 1983; x_wconf 85' lang='lat' dir='ltr'><strong>altera</strong></span> <span class='ocrx_word' id='word_1_164' title='bbox 1425 1939 1583 2001; x_wconf 89' lang='lat' dir='ltr'><strong>quae</strong></span> <span class='ocrx_word' id='word_1_165' title='bbox 1613 1940 1774 1982; x_wconf 90' lang='lat' dir='ltr'><strong>nunc</strong></span> <span class='ocrx_word' id='word_1_166' title='bbox 1810 1919 2032 1980; x_wconf 81' lang='lat' dir='ltr'><strong>Romae</strong></span> <span class='ocrx_word' id='word_1_167' title='bbox 2057 1919 2463 1980; x_wconf 81' lang='lat' dir='ltr'><strong>constituitur.</strong></span> 
     </span>
    </p>

    <p class='ocr_par' dir='ltr' id='par_1_3' title="bbox 429 2010 3669 2945">
     <span class='ocr_line' id='line_1_16' title="bbox 545 2010 3657 2094; baseline 0.001 -22"><span class='ocrx_word' id='word_1_168' title='bbox 545 2011 681 2082; x_wconf 83' lang='lat' dir='ltr'><strong>Huc</strong></span> <span class='ocrx_word' id='word_1_169' title='bbox 712 2013 995 2087; x_wconf 90' lang='lat' dir='ltr'><strong>accedit,·</strong></span> <span class='ocrx_word' id='word_1_170' title='bbox 1021 2013 1185 2092; x_wconf 89' lang='lat' dir='ltr'><strong>quod</strong></span> <span class='ocrx_word' id='word_1_171' title='bbox 1233 2013 1309 2075; x_wconf 89' lang='lat' dir='ltr'><strong>ad</strong></span> <span class='ocrx_word' id='word_1_172' title='bbox 1352 2012 1569 2086; x_wconf 86' lang='lat' dir='ltr'><strong>finem,</strong></span> <span class='ocrx_word' id='word_1_173' title='bbox 1606 2012 1713 2093; x_wconf 92' lang='lat' dir='ltr'><strong>qui</strong></span> <span class='ocrx_word' id='word_1_174' title='bbox 1761 2010 2187 2074; x_wconf 86' lang='lat' dir='ltr'><strong>Ecclesiasticis</strong></span> <span class='ocrx_word' id='word_1_175' title='bbox 2233 2012 2639 2075; x_wconf 89' lang='lat' dir='ltr'><strong>Caeremoniis</strong></span> <span class='ocrx_word' id='word_1_176' title='bbox 2672 2012 3000 2074; x_wconf 87' lang='lat' dir='ltr'><strong>attributus</strong></span> <span class='ocrx_word' id='word_1_177' title='bbox 3040 2020 3160 2087; x_wconf 85' lang='lat' dir='ltr'><strong>est,</strong></span> <span class='ocrx_word' id='word_1_178' title='bbox 3192 2013 3657 2094; x_wconf 86' lang='lat' dir='ltr'><strong>assequendum,</strong></span> 
     </span>
     <span class='ocr_line' id='line_1_17' title="bbox 429 2105 3666 2189; baseline 0.001 -23"><span class='ocrx_word' id='word_1_179' title='bbox 429 2105 602 2168; x_wconf 88' lang='lat' dir='ltr'><strong>nulla</strong></span> <span class='ocrx_word' id='word_1_180' title='bbox 625 2106 749 2168; x_wconf 90' lang='lat' dir='ltr'><strong>alia</strong></span> <span class='ocrx_word' id='word_1_181' title='bbox 784 2107 940 2169; x_wconf 81' lang='lat' dir='ltr'><strong>Urbs</strong></span> <span class='ocrx_word' id='word_1_182' title='bbox 965 2116 1088 2170; x_wconf 90' lang='lat' dir='ltr'><strong>tam</strong></span> <span class='ocrx_word' id='word_1_183' title='bbox 1118 2108 1375 2188; x_wconf 85' lang='lat' dir='ltr'><strong>perfecte</strong></span> <span class='ocrx_word' id='word_1_184' title='bbox 1408 2107 1621 2181; x_wconf 87' lang='lat' dir='ltr'><strong>faciat,</strong></span> <span class='ocrx_word' id='word_1_185' title='bbox 1657 2126 1843 2188; x_wconf 88' lang='lat' dir='ltr'><strong>quam</strong></span> <span class='ocrx_word' id='word_1_186' title='bbox 1879 2108 2101 2180; x_wconf 80' lang='lat' dir='ltr'><strong>Roma3</strong></span> <span class='ocrx_word' id='word_1_187' title='bbox 2138 2107 2288 2169; x_wconf 90' lang='lat' dir='ltr'><strong>alibi</strong></span> <span class='ocrx_word' id='word_1_188' title='bbox 2317 2107 2482 2169; x_wconf 86' lang='lat' dir='ltr'><strong>enim</strong></span> <span class='ocrx_word' id='word_1_189' title='bbox 2515 2106 2966 2187; x_wconf 89' lang='lat' dir='ltr'><strong>quamplurima</strong></span> <span class='ocrx_word' id='word_1_190' title='bbox 3000 2107 3346 2189; x_wconf 88' lang='lat' dir='ltr'><strong>hujusmodi</strong></span> <span class='ocrx_word' id='word_1_191' title='bbox 3382 2108 3666 2170; x_wconf 81' lang='lat' dir='ltr'><strong>scientiae</strong></span> 
     </span>
     <span class='ocr_line' id='line_1_18' title="bbox 432 2200 3664 2283; baseline 0.001 -21"><span class='ocrx_word' id='word_1_192' title='bbox 432 2201 650 2263; x_wconf 84' lang='lat' dir='ltr'><strong>desunt</strong></span> <span class='ocrx_word' id='word_1_193' title='bbox 688 2202 1013 2283; x_wconf 54' lang='lat' dir='ltr'><strong>praesidia,</strong></span> <span class='ocrx_word' id='word_1_194' title='bbox 1058 2202 1157 2264; x_wconf 92' lang='lat' dir='ltr'><strong>hic</strong></span> <span class='ocrx_word' id='word_1_195' title='bbox 1185 2202 1388 2277; x_wconf 89' lang='lat' dir='ltr'><strong>nulla;</strong></span> <span class='ocrx_word' id='word_1_196' title='bbox 1425 2203 1586 2264; x_wconf 85' lang='lat' dir='ltr'><strong>Alibi</strong></span> <span class='ocrx_word' id='word_1_197' title='bbox 1624 2221 1951 2283; x_wconf 88' lang='lat' dir='ltr'><strong>paucorum</strong></span> <span class='ocrx_word' id='word_1_198' title='bbox 1989 2200 2238 2263; x_wconf 85' lang='lat' dir='ltr'><strong>Rituum</strong></span> <span class='ocrx_word' id='word_1_199' title='bbox 2267 2222 2411 2263; x_wconf 90' lang='lat' dir='ltr'><strong>usus</strong></span> <span class='ocrx_word' id='word_1_200' title='bbox 2457 2209 2574 2274; x_wconf 67' lang='lat' dir='ltr'><strong>est,</strong></span> <span class='ocrx_word' id='word_1_201' title='bbox 2621 2201 2722 2263; x_wconf 90' lang='lat' dir='ltr'><strong>hic</strong></span> <span class='ocrx_word' id='word_1_202' title='bbox 2766 2202 3076 2273; x_wconf 87' lang='lat' dir='ltr'><strong>omnium;</strong></span> <span class='ocrx_word' id='word_1_203' title='bbox 3107 2202 3271 2264; x_wconf 85' lang='lat' dir='ltr'><strong>Alibi</strong></span> <span class='ocrx_word' id='word_1_204' title='bbox 3310 2224 3532 2283; x_wconf 88' lang='lat' dir='ltr'><strong>pauca,</strong></span> <span class='ocrx_word' id='word_1_205' title='bbox 3563 2226 3664 2266; x_wconf 87' lang='lat' dir='ltr'><strong>ea-</strong></span> 
     </span>
     <span class='ocr_line' id='line_1_19' title="bbox 432 2296 3666 2381; baseline 0 -20"><span class='ocrx_word' id='word_1_206' title='bbox 432 2296 691 2376; x_wconf 86' lang='lat' dir='ltr'><strong>demque</strong></span> <span class='ocrx_word' id='word_1_207' title='bbox 716 2296 1042 2378; x_wconf 80' lang='lat' dir='ltr'><strong>perexigua</strong></span> <span class='ocrx_word' id='word_1_208' title='bbox 1066 2297 1413 2381; x_wconf 89' lang='lat' dir='ltr'><strong>hujusmodi</strong></span> <span class='ocrx_word' id='word_1_209' title='bbox 1441 2296 1784 2365; x_wconf 81' lang='lat' dir='ltr'><strong>facultatem</strong></span> <span class='ocrx_word' id='word_1_210' title='bbox 1813 2296 2080 2377; x_wconf 89' lang='lat' dir='ltr'><strong>praemia</strong></span> <span class='ocrx_word' id='word_1_211' title='bbox 2106 2305 2474 2377; x_wconf 80' lang='lat' dir='ltr'><strong>sequuntur,</strong></span> <span class='ocrx_word' id='word_1_212' title='bbox 2505 2296 2604 2357; x_wconf 86' lang='lat' dir='ltr'><strong>hic</strong></span> <span class='ocrx_word' id='word_1_213' title='bbox 2633 2296 2820 2357; x_wconf 89' lang='lat' dir='ltr'><strong>multa</strong></span> <span class='ocrx_word' id='word_1_214' title='bbox 2850 2296 3179 2376; x_wconf 81' lang='lat' dir='ltr'><strong>cademque</strong></span> <span class='ocrx_word' id='word_1_215' title='bbox 3207 2298 3492 2372; x_wconf 78' lang='lat' dir='ltr'><strong>maxima3</strong></span> <span class='ocrx_word' id='word_1_216' title='bbox 3522 2298 3666 2361; x_wconf 90' lang='lat' dir='ltr'><strong>hinc</strong></span> 
     </span>
     <span class='ocr_line' id='line_1_20' title="bbox 434 2390 3667 2474; baseline 0.001 -22"><span class='ocrx_word' id='word_1_217' title='bbox 434 2390 764 2453; x_wconf 79' lang='lat' dir='ltr'><strong>necessario</strong></span> <span class='ocrx_word' id='word_1_218' title='bbox 788 2391 889 2465; x_wconf 88' lang='lat' dir='ltr'><strong>fit,</strong></span> <span class='ocrx_word' id='word_1_219' title='bbox 923 2399 993 2453; x_wconf 91' lang='lat' dir='ltr'><strong>ut</strong></span> <span class='ocrx_word' id='word_1_220' title='bbox 1016 2393 1524 2474; x_wconf 88' lang='lat' dir='ltr'><strong>quemadmodum</strong></span> <span class='ocrx_word' id='word_1_221' title='bbox 1552 2392 1640 2454; x_wconf 89' lang='lat' dir='ltr'><strong>rei</strong></span> <span class='ocrx_word' id='word_1_222' title='bbox 1669 2391 1951 2452; x_wconf 88' lang='lat' dir='ltr'><strong>militaris</strong></span> <span class='ocrx_word' id='word_1_223' title='bbox 1977 2391 2294 2472; x_wconf 78' lang='lat' dir='ltr'><strong>disciplina</strong></span> <span class='ocrx_word' id='word_1_224' title='bbox 2323 2390 2499 2471; x_wconf 79' lang='lat' dir='ltr'><strong>longe</strong></span> <span class='ocrx_word' id='word_1_225' title='bbox 2527 2391 2743 2452; x_wconf 83' lang='lat' dir='ltr'><strong>melius</strong></span> <span class='ocrx_word' id='word_1_226' title='bbox 2768 2391 3139 2452; x_wconf 85' lang='lat' dir='ltr'><strong>addiscitur&#39;</strong></span> <span class='ocrx_word' id='word_1_227' title='bbox 3123 2412 3184 2451; x_wconf 77' lang='lat' dir='ltr'><strong>tn</strong></span> <span class='ocrx_word' id='word_1_228' title='bbox 3214 2393 3452 2466; x_wconf 62' lang='lat' dir='ltr'><strong>rastris,</strong></span> <span class='ocrx_word' id='word_1_229' title='bbox 3484 2402 3667 2474; x_wconf 89' lang='lat' dir='ltr'><strong>atque</strong></span> 
     </span>
     <span class='ocr_line' id='line_1_21' title="bbox 435 2485 3667 2594; baseline 0.001 -48"><span class='ocrx_word' id='word_1_230' title='bbox 435 2485 497 2547; x_wconf 90' lang='lat' dir='ltr'><strong>in</strong></span> <span class='ocrx_word' id='word_1_231' title='bbox 546 2485 704 2559; x_wconf 86' lang='lat' dir='ltr'><strong>acie,</strong></span> <span class='ocrx_word' id='word_1_232' title='bbox 753 2485 858 2547; x_wconf 92' lang='lat' dir='ltr'><strong>ubi</strong></span> <span class='ocrx_word' id='word_1_233' title='bbox 892 2506 989 2548; x_wconf 88' lang='lat' dir='ltr'><strong>res</strong></span> <span class='ocrx_word' id='word_1_234' title='bbox 1020 2507 1160 2548; x_wconf 89' lang='lat' dir='ltr'><strong>cum</strong></span> <span class='ocrx_word' id='word_1_235' title='bbox 1191 2487 1465 2549; x_wconf 79' lang='lat' dir='ltr'><strong>hostibus</strong></span> <span class='ocrx_word' id='word_1_236' title='bbox 1508 2495 1635 2561; x_wconf 88' lang='lat' dir='ltr'><strong>est,</strong></span> <span class='ocrx_word' id='word_1_237' title='bbox 1672 2506 1857 2594; x_wconf 82' lang='lat' dir='ltr'><strong>quam</strong></span> <span class='ocrx_word' id='word_1_238' title='bbox 1891 2486 1955 2546; x_wconf 92' lang='lat' dir='ltr'><strong>in</strong></span> <span class='ocrx_word' id='word_1_239' title='bbox 1991 2486 2342 2559; x_wconf 73' lang='lat' dir='ltr'><strong>palaestris,</strong></span> <span class='ocrx_word' id='word_1_240' title='bbox 2371 2496 2553 2566; x_wconf 91' lang='lat' dir='ltr'><strong>atque</strong></span> <span class='ocrx_word' id='word_1_241' title='bbox 2583 2485 2644 2546; x_wconf 94' lang='lat' dir='ltr'><strong>in</strong></span> <span class='ocrx_word' id='word_1_242' title='bbox 2692 2487 2946 2558; x_wconf 88' lang='lat' dir='ltr'><strong>umbra,</strong></span> <span class='ocrx_word' id='word_1_243' title='bbox 2983 2486 3088 2547; x_wconf 92' lang='lat' dir='ltr'><strong>ubi</strong></span> <span class='ocrx_word' id='word_1_244' title='bbox 3126 2485 3354 2547; x_wconf 88' lang='lat' dir='ltr'><strong>bellum</strong></span> <span class='ocrx_word' id='word_1_245' title='bbox 3399 2495 3667 2569; x_wconf 88' lang='lat' dir='ltr'><strong>tantum-</strong></span> 
     </span>
     <span class='ocr_line' id='line_1_22' title="bbox 436 2579 3665 2664; baseline 0.002 -25"><span class='ocrx_word' id='word_1_246' title='bbox 436 2579 613 2641; x_wconf 90' lang='lat' dir='ltr'><strong>modo</strong></span> <span class='ocrx_word' id='word_1_247' title='bbox 637 2579 991 2654; x_wconf 87' lang='lat' dir='ltr'><strong>simulatur;</strong></span> <span class='ocrx_word' id='word_1_248' title='bbox 1022 2581 1108 2644; x_wconf 85' lang='lat' dir='ltr'><strong>ita</strong></span> <span class='ocrx_word' id='word_1_249' title='bbox 1142 2581 1318 2664; x_wconf 85' lang='lat' dir='ltr'><strong>longe</strong></span> <span class='ocrx_word' id='word_1_250' title='bbox 1343 2580 1707 2663; x_wconf 88' lang='lat' dir='ltr'><strong>perfectius</strong></span> <span class='ocrx_word' id='word_1_251' title='bbox 1690 2602 1753 2642; x_wconf 78' lang='lat' dir='ltr'><strong>in</strong></span> <span class='ocrx_word' id='word_1_252' title='bbox 1782 2580 1895 2643; x_wconf 90' lang='lat' dir='ltr'><strong>hac</strong></span> <span class='ocrx_word' id='word_1_253' title='bbox 1924 2581 2084 2642; x_wconf 89' lang='lat' dir='ltr'><strong>Urbe</strong></span> <span class='ocrx_word' id='word_1_254' title='bbox 2126 2582 2398 2643; x_wconf 88' lang='lat' dir='ltr'><strong>omnium</strong></span> <span class='ocrx_word' id='word_1_255' title='bbox 2435 2581 2705 2657; x_wconf 73' lang='lat' dir='ltr'><strong>gentium</strong></span> <span class='ocrx_word' id='word_1_256' title='bbox 2733 2581 2990 2642; x_wconf 90' lang='lat' dir='ltr'><strong>Domina</strong></span> <span class='ocrx_word' id='word_1_257' title='bbox 3016 2580 3357 2644; x_wconf 86' lang='lat' dir='ltr'><strong>Catholicae</strong></span> <span class='ocrx_word' id='word_1_258' title='bbox 3401 2584 3665 2664; x_wconf 88' lang='lat' dir='ltr'><strong>Religio-</strong></span> 
     </span>
     <span class='ocr_line' id='line_1_23' title="bbox 436 2673 3667 2782; baseline 0.002 -49"><span class='ocrx_word' id='word_1_259' title='bbox 436 2673 530 2735; x_wconf 88' lang='lat' dir='ltr'><strong>nis</strong></span> <span class='ocrx_word' id='word_1_260' title='bbox 576 2673 898 2782; x_wconf 51' lang='lat' dir='ltr'><strong>blagistra,</strong></span> <span class='ocrx_word' id='word_1_261' title='bbox 947 2675 1496 2738; x_wconf 86' lang='lat' dir='ltr'><strong>Ecclesiasticorum</strong></span> <span class='ocrx_word' id='word_1_262' title='bbox 1529 2675 1814 2736; x_wconf 88' lang='lat' dir='ltr'><strong>ordinum</strong></span> <span class='ocrx_word' id='word_1_263' title='bbox 1861 2675 2147 2750; x_wconf 87' lang='lat' dir='ltr'><strong>Parente,</strong></span> <span class='ocrx_word' id='word_1_264' title='bbox 2183 2676 2384 2736; x_wconf 88' lang='lat' dir='ltr'><strong>Divini</strong></span> <span class='ocrx_word' id='word_1_265' title='bbox 2423 2675 2632 2737; x_wconf 88' lang='lat' dir='ltr'><strong>Cultus</strong></span> <span class='ocrx_word' id='word_1_266' title='bbox 2665 2676 3021 2755; x_wconf 85' lang='lat' dir='ltr'><strong>interprete,</strong></span> <span class='ocrx_word' id='word_1_267' title='bbox 3072 2684 3132 2736; x_wconf 85' lang='lat' dir='ltr'><strong>et</strong></span> <span class='ocrx_word' id='word_1_268' title='bbox 3178 2696 3495 2738; x_wconf 87' lang='lat' dir='ltr'><strong>causarum</strong></span> <span class='ocrx_word' id='word_1_269' title='bbox 3542 2678 3667 2739; x_wconf 85' lang='lat' dir='ltr'><strong>fere</strong></span> 
     </span>
     <span class='ocr_line' id='line_1_24' title="bbox 435 2768 3669 2895; baseline 0.002 -67"><span class='ocrx_word' id='word_1_270' title='bbox 435 2768 709 2830; x_wconf 89' lang='lat' dir='ltr'><strong>omnium</strong></span> <span class='ocrx_word' id='word_1_271' title='bbox 737 2769 1194 2850; x_wconf 88' lang='lat' dir='ltr'><strong>Disceptatrice,</strong></span> <span class='ocrx_word' id='word_1_272' title='bbox 1223 2790 1408 2851; x_wconf 89' lang='lat' dir='ltr'><strong>quam</strong></span> <span class='ocrx_word' id='word_1_273' title='bbox 1436 2770 1499 2832; x_wconf 94' lang='lat' dir='ltr'><strong>in</strong></span> <span class='ocrx_word' id='word_1_274' title='bbox 1531 2770 1743 2834; x_wconf 86' lang='lat' dir='ltr'><strong>ceteris</strong></span> <span class='ocrx_word' id='word_1_275' title='bbox 1775 2770 2260 2851; x_wconf 89' lang='lat' dir='ltr'><strong>quibuscumque</strong></span> <span class='ocrx_word' id='word_1_276' title='bbox 2290 2770 2433 2831; x_wconf 88' lang='lat' dir='ltr'><strong>locis</strong></span> <span class='ocrx_word' id='word_1_277' title='bbox 2460 2770 2516 2831; x_wconf 95' lang='lat' dir='ltr'><strong>h·</strong></span> <span class='ocrx_word' id='word_1_278' title='bbox 2503 2791 2572 2832; x_wconf 74' lang='grc' dir='ltr'><strong>ιο</strong></span> <span class='ocrx_word' id='word_1_279' title='bbox 2600 2771 3086 2853; x_wconf 87' lang='lat' dir='ltr'><strong>adjumentorum</strong></span> <span class='ocrx_word' id='word_1_280' title='bbox 3127 2771 3299 2851; x_wconf 88' lang='lat' dir='ltr'><strong>copia</strong></span> <span class='ocrx_word' id='word_1_281' title='bbox 3341 2791 3669 2895; x_wconf 84' lang='lat' dir='ltr'><strong>rerumque</strong></span> 
     </span>
     <span class='ocr_line' id='line_1_25' title="bbox 436 2862 2516 2945; baseline 0.001 -22"><span class='ocrx_word' id='word_1_282' title='bbox 436 2862 861 2925; x_wconf 80' lang='lat' dir='ltr'><strong>exercitatione</strong></span> <span class='ocrx_word' id='word_1_283' title='bbox 887 2863 1187 2926; x_wconf 56' lang='lat' dir='ltr'><strong>destitutis</strong></span> <span class='ocrx_word' id='word_1_284' title='bbox 1213 2866 1531 2927; x_wconf 87' lang='lat' dir='ltr'><strong>Sacrorum</strong></span> <span class='ocrx_word' id='word_1_285' title='bbox 1564 2864 1813 2927; x_wconf 81' lang='lat' dir='ltr'><strong>Ritunm</strong></span> <span class='ocrx_word' id='word_1_286' title='bbox 1841 2885 1900 2925; x_wconf 73' lang='grc' dir='ltr'><strong>ει·</strong></span> <span class='ocrx_word' id='word_1_287' title='bbox 1898 2864 2086 2926; x_wconf 89' lang='lat' dir='ltr'><strong>ientia</strong></span> <span class='ocrx_word' id='word_1_288' title='bbox 2114 2875 2516 2945; x_wconf 87' lang='lat' dir='ltr'><strong>comparatur.</strong></span> 
     </span>
    </p>

    <p class='ocr_par' dir='ltr' id='par_1_4' title="bbox 439 2956 3691 5108">
     <span class='ocr_line' id='line_1_26' title="bbox 557 2956 3668 3041; baseline 0.001 -23.012"><span class='ocrx_word' id='word_1_289' title='bbox 557 2958 753 3038; x_wconf 81' lang='lat' dir='ltr'><strong>Atque</strong></span> <span class='ocrx_word' id='word_1_290' title='bbox 779 2957 1014 3020; x_wconf 90' lang='lat' dir='ltr'><strong>utinam</strong></span> <span class='ocrx_word' id='word_1_291' title='bbox 1061 2960 1320 3041; x_wconf 84' lang='lat' dir='ltr'><strong>Majnres</strong></span> <span class='ocrx_word' id='word_1_292' title='bbox 1353 2960 1538 3021; x_wconf 88' lang='lat' dir='ltr'><strong>nostri</strong></span> <span class='ocrx_word' id='word_1_293' title='bbox 1594 2959 1679 3022; x_wconf 90' lang='lat' dir='ltr'><strong>ita</strong></span> <span class='ocrx_word' id='word_1_294' title='bbox 1728 2959 1791 3021; x_wconf 92' lang='lat' dir='ltr'><strong>in</strong></span> <span class='ocrx_word' id='word_1_295' title='bbox 1819 2959 2014 3021; x_wconf 90' lang='lat' dir='ltr'><strong>Sacris</strong></span> <span class='ocrx_word' id='word_1_296' title='bbox 2041 2957 2279 3019; x_wconf 85' lang='lat' dir='ltr'><strong>Ritibus</strong></span> <span class='ocrx_word' id='word_1_297' title='bbox 2326 2956 2699 3038; x_wconf 86' lang='lat' dir='ltr'><strong>expoliendis</strong></span> <span class='ocrx_word' id='word_1_298' title='bbox 2734 2956 3173 3029; x_wconf 84' lang='lat' dir='ltr'><strong>elaborassent,</strong></span> <span class='ocrx_word' id='word_1_299' title='bbox 3201 2965 3272 3018; x_wconf 91' lang='lat' dir='ltr'><strong>ut</strong></span> <span class='ocrx_word' id='word_1_300' title='bbox 3324 2957 3460 3019; x_wconf 85' lang='lat' dir='ltr'><strong>illos</strong></span> <span class='ocrx_word' id='word_1_301' title='bbox 3505 2968 3668 3022; x_wconf 86' lang='lat' dir='ltr'><strong>certa</strong></span> 
     </span>
     <span class='ocr_line' id='line_1_27' title="bbox 439 3050 3664 3133; baseline 0.001 -19"><span class='ocrx_word' id='word_1_302' title='bbox 439 3052 702 3133; x_wconf 87' lang='lat' dir='ltr'><strong>quadam</strong></span> <span class='ocrx_word' id='word_1_303' title='bbox 736 3053 1036 3115; x_wconf 85' lang='lat' dir='ltr'><strong>facultatis</strong></span> <span class='ocrx_word' id='word_1_304' title='bbox 1081 3054 1364 3116; x_wconf 86' lang='lat' dir='ltr'><strong>methodo</strong></span> <span class='ocrx_word' id='word_1_305' title='bbox 1408 3054 1810 3116; x_wconf 81' lang='lat' dir='ltr'><strong>conformatos</strong></span> <span class='ocrx_word' id='word_1_306' title='bbox 1841 3054 2231 3123; x_wconf 85' lang='lat' dir='ltr'><strong>haberemus,</strong></span> <span class='ocrx_word' id='word_1_307' title='bbox 2263 3053 2362 3112; x_wconf 87' lang='lat' dir='ltr'><strong>sed</strong></span> <span class='ocrx_word' id='word_1_308' title='bbox 2402 3073 2607 3131; x_wconf 82' lang='lat' dir='ltr'><strong>neque</strong></span> <span class='ocrx_word' id='word_1_309' title='bbox 2633 3072 2774 3121; x_wconf 64' lang='lat' dir='ltr'><strong>atter</strong></span> <span class='ocrx_word' id='word_1_310' title='bbox 2807 3050 2971 3111; x_wconf 76' lang='lat' dir='ltr'><strong>ullus</strong></span> <span class='ocrx_word' id='word_1_311' title='bbox 3016 3052 3166 3112; x_wconf 88' lang='lat' dir='ltr'><strong>adeo</strong></span> <span class='ocrx_word' id='word_1_312' title='bbox 3195 3051 3521 3115; x_wconf 84' lang='lat' dir='ltr'><strong>foecundus</strong></span> <span class='ocrx_word' id='word_1_313' title='bbox 3546 3063 3664 3128; x_wconf 77' lang='lat' dir='ltr'><strong>est,</strong></span> 
     </span>
     <span class='ocr_line' id='line_1_28' title="bbox 440 3145 3671 3230; baseline 0.001 -22"><span class='ocrx_word' id='word_1_314' title='bbox 440 3155 510 3208; x_wconf 93' lang='lat' dir='ltr'><strong>ut</strong></span> <span class='ocrx_word' id='word_1_315' title='bbox 541 3145 747 3210; x_wconf 86' lang='lat' dir='ltr'><strong>omnia</strong></span> <span class='ocrx_word' id='word_1_316' title='bbox 773 3146 957 3223; x_wconf 88' lang='lat' dir='ltr'><strong>ferat;</strong></span> <span class='ocrx_word' id='word_1_317' title='bbox 988 3168 1185 3229; x_wconf 87' lang='lat' dir='ltr'><strong>neque</strong></span> <span class='ocrx_word' id='word_1_318' title='bbox 1218 3158 1380 3211; x_wconf 87' lang='lat' dir='ltr'><strong>aetas</strong></span> <span class='ocrx_word' id='word_1_319' title='bbox 1404 3148 1712 3229; x_wconf 86' lang='lat' dir='ltr'><strong>quaelibet</strong></span> <span class='ocrx_word' id='word_1_320' title='bbox 1737 3149 1820 3211; x_wconf 86' lang='lat' dir='ltr'><strong>ita</strong></span> <span class='ocrx_word' id='word_1_321' title='bbox 1849 3148 2131 3211; x_wconf 83' lang='lat' dir='ltr'><strong>laudibus</strong></span> <span class='ocrx_word' id='word_1_322' title='bbox 2156 3147 2377 3220; x_wconf 84' lang='lat' dir='ltr'><strong>affluit,</strong></span> <span class='ocrx_word' id='word_1_323' title='bbox 2415 3156 2485 3209; x_wconf 91' lang='lat' dir='ltr'><strong>ut</strong></span> <span class='ocrx_word' id='word_1_324' title='bbox 2534 3146 2685 3208; x_wconf 87' lang='lat' dir='ltr'><strong>nihil</strong></span> <span class='ocrx_word' id='word_1_325' title='bbox 2723 3155 3095 3227; x_wconf 84' lang='lat' dir='ltr'><strong>posterorum</strong></span> <span class='ocrx_word' id='word_1_326' title='bbox 3123 3145 3456 3209; x_wconf 86' lang='lat' dir='ltr'><strong>industriae</strong></span> <span class='ocrx_word' id='word_1_327' title='bbox 3487 3157 3671 3230; x_wconf 84' lang='lat' dir='ltr'><strong>atque</strong></span> 
     </span>
     <span class='ocr_line' id='line_1_29' title="bbox 441 3240 3668 3325; baseline 0.002 -24"><span class='ocrx_word' id='word_1_328' title='bbox 441 3241 684 3323; x_wconf 89' lang='lat' dir='ltr'><strong>ingenio</strong></span> <span class='ocrx_word' id='word_1_329' title='bbox 709 3251 990 3305; x_wconf 85' lang='lat' dir='ltr'><strong>reservet.</strong></span> <span class='ocrx_word' id='word_1_330' title='bbox 1023 3243 1468 3305; x_wconf 88' lang='lat' dir='ltr'><strong>Gratulandum</strong></span> <span class='ocrx_word' id='word_1_331' title='bbox 1500 3251 1699 3306; x_wconf 87' lang='lat' dir='ltr'><strong>tamen</strong></span> <span class='ocrx_word' id='word_1_332' title='bbox 1726 3243 1903 3305; x_wconf 87' lang='lat' dir='ltr'><strong>nobis</strong></span> <span class='ocrx_word' id='word_1_333' title='bbox 1935 3253 2058 3310; x_wconf 84' lang='lat' dir='ltr'><strong>est,</strong></span> <span class='ocrx_word' id='word_1_334' title='bbox 2110 3243 2275 3324; x_wconf 89' lang='lat' dir='ltr'><strong>quod</strong></span> <span class='ocrx_word' id='word_1_335' title='bbox 2320 3244 2639 3305; x_wconf 89' lang='lat' dir='ltr'><strong>Sacrorum</strong></span> <span class='ocrx_word' id='word_1_336' title='bbox 2670 3242 2917 3304; x_wconf 84' lang='lat' dir='ltr'><strong>Rituum</strong></span> <span class='ocrx_word' id='word_1_337' title='bbox 2966 3240 3350 3322; x_wconf 88' lang='lat' dir='ltr'><strong>disciplinae,</strong></span> <span class='ocrx_word' id='word_1_338' title='bbox 3383 3252 3668 3325; x_wconf 87' lang='lat' dir='ltr'><strong>tanquam</strong></span> 
     </span>
     <span class='ocr_line' id='line_1_30' title="bbox 442 3334 3668 3418; baseline 0.002 -22"><span class='ocrx_word' id='word_1_339' title='bbox 442 3354 632 3397; x_wconf 89' lang='lat' dir='ltr'><strong>novae</strong></span> <span class='ocrx_word' id='word_1_340' title='bbox 681 3334 949 3399; x_wconf 87' lang='lat' dir='ltr'><strong>facultati</strong></span> <span class='ocrx_word' id='word_1_341' title='bbox 984 3336 1263 3400; x_wconf 89' lang='lat' dir='ltr'><strong>distincta</strong></span> <span class='ocrx_word' id='word_1_342' title='bbox 1313 3337 1593 3400; x_wconf 87' lang='lat' dir='ltr'><strong>methodo</strong></span> <span class='ocrx_word' id='word_1_343' title='bbox 1644 3338 2003 3411; x_wconf 89' lang='lat' dir='ltr'><strong>tradendae,</strong></span> <span class='ocrx_word' id='word_1_344' title='bbox 2042 3339 2286 3401; x_wconf 89' lang='lat' dir='ltr'><strong>nullum</strong></span> <span class='ocrx_word' id='word_1_345' title='bbox 2333 3347 2566 3418; x_wconf 88' lang='lat' dir='ltr'><strong>tempus</strong></span> <span class='ocrx_word' id='word_1_346' title='bbox 2608 3345 2813 3399; x_wconf 87' lang='lat' dir='ltr'><strong>nostro</strong></span> <span class='ocrx_word' id='word_1_347' title='bbox 2861 3337 3362 3399; x_wconf 86' lang='lat' dir='ltr'><strong>accommodatius</strong></span> <span class='ocrx_word' id='word_1_348' title='bbox 3410 3338 3668 3403; x_wconf 85' lang='lat' dir='ltr'><strong>inveniri</strong></span> 
     </span>
     <span class='ocr_line' id='line_1_31' title="bbox 442 3427 3667 3512; baseline 0.002 -24"><span class='ocrx_word' id='word_1_349' title='bbox 442 3427 644 3508; x_wconf 84' lang='lat' dir='ltr'><strong>possit.</strong></span> <span class='ocrx_word' id='word_1_350' title='bbox 684 3428 965 3491; x_wconf 84' lang='lat' dir='ltr'><strong>Vivimus</strong></span> <span class='ocrx_word' id='word_1_351' title='bbox 989 3430 1153 3491; x_wconf 91' lang='lat' dir='ltr'><strong>enim</strong></span> <span class='ocrx_word' id='word_1_352' title='bbox 1181 3438 1469 3512; x_wconf 80' lang='lat' dir='ltr'><strong>regnante</strong></span> <span class='ocrx_word' id='word_1_353' title='bbox 1495 3431 1934 3493; x_wconf 88' lang='lat' dir='ltr'>BENEDICTO</span> <span class='ocrx_word' id='word_1_354' title='bbox 1960 3432 2132 3493; x_wconf 88' lang='lat' dir='ltr'><strong>XIV.</strong></span> <span class='ocrx_word' id='word_1_355' title='bbox 2152 3479 2169 3505; x_wconf 96' lang='lat'><strong>,</strong></span> <span class='ocrx_word' id='word_1_356' title='bbox 2206 3431 2273 3491; x_wconf 93' lang='lat' dir='ltr'><strong>in</strong></span> <span class='ocrx_word' id='word_1_357' title='bbox 2314 3450 2437 3511; x_wconf 90' lang='lat' dir='ltr'><strong>quo</strong></span> <span class='ocrx_word' id='word_1_358' title='bbox 2486 3450 2623 3491; x_wconf 84' lang='lat' dir='ltr'><strong>cum</strong></span> <span class='ocrx_word' id='word_1_359' title='bbox 2651 3449 2884 3491; x_wconf 90' lang='lat' dir='ltr'><strong>summa</strong></span> <span class='ocrx_word' id='word_1_360' title='bbox 2912 3437 3054 3491; x_wconf 86' lang='lat' dir='ltr'><strong>sunt</strong></span> <span class='ocrx_word' id='word_1_361' title='bbox 3084 3429 3318 3503; x_wconf 89' lang='lat' dir='ltr'><strong>omnia,</strong></span> <span class='ocrx_word' id='word_1_362' title='bbox 3357 3440 3485 3492; x_wconf 91' lang='lat' dir='ltr'><strong>tum</strong></span> <span class='ocrx_word' id='word_1_363' title='bbox 3515 3433 3667 3495; x_wconf 86' lang='lat' dir='ltr'><strong>nihil</strong></span> 
     </span>
     <span class='ocr_line' id='line_1_32' title="bbox 442 3520 3672 3606; baseline 0 -20"><span class='ocrx_word' id='word_1_364' title='bbox 442 3531 532 3586; x_wconf 67' lang='lat' dir='ltr'><strong>est</strong></span> <span class='ocrx_word' id='word_1_365' title='bbox 555 3522 851 3606; x_wconf 86' lang='lat' dir='ltr'><strong>sapientia</strong></span> <span class='ocrx_word' id='word_1_366' title='bbox 884 3524 1314 3605; x_wconf 83' lang='lat' dir='ltr'><strong>praestantius3</strong></span> <span class='ocrx_word' id='word_1_367' title='bbox 1344 3534 1522 3588; x_wconf 87' lang='lat' dir='ltr'><strong>testes</strong></span> <span class='ocrx_word' id='word_1_368' title='bbox 1553 3533 1697 3587; x_wconf 90' lang='lat' dir='ltr'><strong>sunt</strong></span> <span class='ocrx_word' id='word_1_369' title='bbox 1727 3525 2068 3606; x_wconf 88' lang='lat' dir='ltr'><strong>praeclarae</strong></span> <span class='ocrx_word' id='word_1_370' title='bbox 2102 3525 2243 3587; x_wconf 89' lang='lat' dir='ltr'><strong>illae</strong></span> <span class='ocrx_word' id='word_1_371' title='bbox 2271 3521 2689 3606; x_wconf 85' lang='lat' dir='ltr'><strong>benignitatis,</strong></span> <span class='ocrx_word' id='word_1_372' title='bbox 2726 3543 2797 3584; x_wconf 91' lang='lat' dir='ltr'><strong>ac</strong></span> <span class='ocrx_word' id='word_1_373' title='bbox 2825 3520 3252 3584; x_wconf 78' lang='lat' dir='ltr'><strong>beneticentiae</strong></span> <span class='ocrx_word' id='word_1_374' title='bbox 3284 3523 3672 3604; x_wconf 77' lang='lat' dir='ltr'><strong>significatio-</strong></span> 
     </span>
     <span class='ocr_line' id='line_1_33' title="bbox 444 3618 3677 3701; baseline 0.002 -23"><span class='ocrx_word' id='word_1_375' title='bbox 444 3636 580 3691; x_wconf 84' lang='lat' dir='ltr'><strong>nes,</strong></span> <span class='ocrx_word' id='word_1_376' title='bbox 614 3618 840 3699; x_wconf 87' lang='lat' dir='ltr'><strong>quibus</strong></span> <span class='ocrx_word' id='word_1_377' title='bbox 887 3628 948 3682; x_wconf 89' lang='lat' dir='ltr'><strong>et</strong></span> <span class='ocrx_word' id='word_1_378' title='bbox 996 3620 1313 3682; x_wconf 89' lang='lat' dir='ltr'><strong>Litteratos</strong></span> <span class='ocrx_word' id='word_1_379' title='bbox 1359 3640 1568 3683; x_wconf 90' lang='lat' dir='ltr'><strong>omnes</strong></span> <span class='ocrx_word' id='word_1_380' title='bbox 1612 3620 2056 3701; x_wconf 88' lang='lat' dir='ltr'><strong>complectitur,</strong></span> <span class='ocrx_word' id='word_1_381' title='bbox 2093 3627 2154 3681; x_wconf 87' lang='lat' dir='ltr'><strong>et</strong></span> <span class='ocrx_word' id='word_1_382' title='bbox 2197 3639 2377 3681; x_wconf 91' lang='lat' dir='ltr'><strong>omne</strong></span> <span class='ocrx_word' id='word_1_383' title='bbox 2401 3638 2591 3700; x_wconf 90' lang='lat' dir='ltr'><strong>genus</strong></span> <span class='ocrx_word' id='word_1_384' title='bbox 2620 3618 2934 3679; x_wconf 87' lang='lat' dir='ltr'><strong>literarum</strong></span> <span class='ocrx_word' id='word_1_385' title='bbox 2979 3625 3250 3678; x_wconf 76' lang='lat' dir='ltr'><strong>exornat.</strong></span> <span class='ocrx_word' id='word_1_386' title='bbox 3291 3619 3489 3681; x_wconf 85' lang='lat' dir='ltr'><strong>Testes</strong></span> <span class='ocrx_word' id='word_1_387' title='bbox 3535 3632 3677 3687; x_wconf 91' lang='lat' dir='ltr'><strong>sunt</strong></span> 
     </span>
     <span class='ocr_line' id='line_1_34' title="bbox 444 3712 3675 3795; baseline 0.001 -21"><span class='ocrx_word' id='word_1_388' title='bbox 444 3720 704 3791; x_wconf 88' lang='lat' dir='ltr'><strong>quatuor</strong></span> <span class='ocrx_word' id='word_1_389' title='bbox 733 3714 1193 3795; x_wconf 89' lang='lat' dir='ltr'><strong>praecipuarum</strong></span> <span class='ocrx_word' id='word_1_390' title='bbox 1241 3714 1594 3782; x_wconf 88' lang='lat' dir='ltr'><strong>facultatum</strong></span> <span class='ocrx_word' id='word_1_391' title='bbox 1624 3714 1978 3777; x_wconf 90' lang='lat' dir='ltr'><strong>Academiae</strong></span> <span class='ocrx_word' id='word_1_392' title='bbox 2028 3715 2089 3776; x_wconf 91' lang='lat' dir='ltr'><strong>in</strong></span> <span class='ocrx_word' id='word_1_393' title='bbox 2125 3716 2323 3795; x_wconf 89' lang='lat' dir='ltr'><strong>ipsum</strong></span> <span class='ocrx_word' id='word_1_394' title='bbox 2351 3712 2757 3794; x_wconf 89' lang='lat' dir='ltr'><strong>Apostolicum</strong></span> <span class='ocrx_word' id='word_1_395' title='bbox 2803 3712 3102 3774; x_wconf 89' lang='lat' dir='ltr'><strong>Palatium</strong></span> <span class='ocrx_word' id='word_1_396' title='bbox 3150 3712 3230 3773; x_wconf 91' lang='lat' dir='ltr'><strong>ab</strong></span> <span class='ocrx_word' id='word_1_397' title='bbox 3256 3713 3466 3774; x_wconf 83' lang='lat' dir='ltr'><strong>eodem</strong></span> <span class='ocrx_word' id='word_1_398' title='bbox 3494 3715 3675 3783; x_wconf 86' lang='lat' dir='ltr'><strong>indu-</strong></span> 
     </span>
     <span class='ocr_line' id='line_1_35' title="bbox 443 3805 3675 3917; baseline 0.001 -49"><span class='ocrx_word' id='word_1_399' title='bbox 443 3812 603 3878; x_wconf 88' lang='lat' dir='ltr'><strong>ctae,</strong></span> <span class='ocrx_word' id='word_1_400' title='bbox 638 3806 864 3888; x_wconf 89' lang='lat' dir='ltr'><strong>quibus</strong></span> <span class='ocrx_word' id='word_1_401' title='bbox 889 3807 1017 3888; x_wconf 89' lang='lat' dir='ltr'><strong>ipse</strong></span> <span class='ocrx_word' id='word_1_402' title='bbox 1046 3808 1302 3890; x_wconf 89' lang='lat' dir='ltr'><strong>singulis</strong></span> <span class='ocrx_word' id='word_1_403' title='bbox 1332 3809 1726 3871; x_wconf 89' lang='lat' dir='ltr'><strong>hebdomadis</strong></span> <span class='ocrx_word' id='word_1_404' title='bbox 1751 3828 1873 3871; x_wconf 91' lang='lat' dir='ltr'><strong>non</strong></span> <span class='ocrx_word' id='word_1_405' title='bbox 1906 3808 2102 3870; x_wconf 88' lang='lat' dir='ltr'><strong>solum</strong></span> <span class='ocrx_word' id='word_1_406' title='bbox 2128 3809 2443 3878; x_wconf 79' lang='lat' dir='ltr'><strong>interesse,</strong></span> <span class='ocrx_word' id='word_1_407' title='bbox 2476 3826 2689 3868; x_wconf 86' lang='lat' dir='ltr'><strong>verum</strong></span> <span class='ocrx_word' id='word_1_408' title='bbox 2720 3805 2902 3867; x_wconf 90' lang='lat' dir='ltr'><strong>etiam</strong></span> <span class='ocrx_word' id='word_1_409' title='bbox 2929 3825 3199 3887; x_wconf 87' lang='lat' dir='ltr'><strong>praeesse</strong></span> <span class='ocrx_word' id='word_1_410' title='bbox 3225 3805 3537 3917; x_wconf 83' lang='lat' dir='ltr'><strong>dignatur.</strong></span> <span class='ocrx_word' id='word_1_411' title='bbox 3564 3811 3675 3870; x_wconf 87' lang='lat' dir='ltr'><strong>Te—</strong></span> 
     </span>
     <span class='ocr_line' id='line_1_36' title="bbox 446 3901 3680 4006; baseline 0.002 -44"><span class='ocrx_word' id='word_1_412' title='bbox 446 3908 565 3963; x_wconf 87' lang='lat' dir='ltr'><strong>stes</strong></span> <span class='ocrx_word' id='word_1_413' title='bbox 613 3909 757 3963; x_wconf 89' lang='lat' dir='ltr'><strong>sunt</strong></span> <span class='ocrx_word' id='word_1_414' title='bbox 788 3910 877 3964; x_wconf 85' lang='lat' dir='ltr'><strong>tot</strong></span> <span class='ocrx_word' id='word_1_415' title='bbox 921 3903 1392 3984; x_wconf 82' lang='lat' dir='ltr'><strong>sapientissimae</strong></span> <span class='ocrx_word' id='word_1_416' title='bbox 1417 3904 1912 3977; x_wconf 87' lang='lat' dir='ltr'><strong>Constitutiones,</strong></span> <span class='ocrx_word' id='word_1_417' title='bbox 1942 3904 2167 3984; x_wconf 87' lang='lat' dir='ltr'><strong>quibus</strong></span> <span class='ocrx_word' id='word_1_418' title='bbox 2198 3912 2306 3965; x_wconf 91' lang='lat' dir='ltr'><strong>aut</strong></span> <span class='ocrx_word' id='word_1_419' title='bbox 2334 3911 2596 3964; x_wconf 85' lang='lat' dir='ltr'><strong>veterem</strong></span> <span class='ocrx_word' id='word_1_420' title='bbox 2622 3901 3035 3981; x_wconf 89' lang='lat' dir='ltr'><strong>disciplinam,</strong></span> <span class='ocrx_word' id='word_1_421' title='bbox 3069 3909 3405 4006; x_wconf 80' lang='lat' dir='ltr'><strong>temporum</strong></span> <span class='ocrx_word' id='word_1_422' title='bbox 3453 3902 3680 3985; x_wconf 86' lang='lat' dir='ltr'><strong>injuria</strong></span> 
     </span>
     <span class='ocr_line' id='line_1_37' title="bbox 450 3992 3679 4077; baseline 0.001 -23"><span class='ocrx_word' id='word_1_423' title='bbox 450 3993 897 4070; x_wconf 85' lang='lat' dir='ltr'><strong>labefactatam,</strong></span> <span class='ocrx_word' id='word_1_424' title='bbox 933 3997 998 4057; x_wconf 93' lang='lat' dir='ltr'><strong>in</strong></span> <span class='ocrx_word' id='word_1_425' title='bbox 1026 3998 1346 4077; x_wconf 89' lang='lat' dir='ltr'><strong>pristinum</strong></span> <span class='ocrx_word' id='word_1_426' title='bbox 1390 3998 1568 4060; x_wconf 89' lang='lat' dir='ltr'><strong>decus</strong></span> <span class='ocrx_word' id='word_1_427' title='bbox 1600 3998 1892 4072; x_wconf 84' lang='lat' dir='ltr'><strong>restituit,</strong></span> <span class='ocrx_word' id='word_1_428' title='bbox 1923 4007 2029 4061; x_wconf 89' lang='lat' dir='ltr'><strong>aut</strong></span> <span class='ocrx_word' id='word_1_429' title='bbox 2061 4017 2247 4059; x_wconf 90' lang='lat' dir='ltr'><strong>novas</strong></span> <span class='ocrx_word' id='word_1_430' title='bbox 2274 3996 2348 4057; x_wconf 91' lang='lat' dir='ltr'><strong>de</strong></span> <span class='ocrx_word' id='word_1_431' title='bbox 2373 3994 2754 4075; x_wconf 83' lang='lat' dir='ltr'><strong>dogmatibus</strong></span> <span class='ocrx_word' id='word_1_432' title='bbox 2801 3992 3236 4055; x_wconf 84' lang='lat' dir='ltr'><strong>controversias</strong></span> <span class='ocrx_word' id='word_1_433' title='bbox 3272 4003 3512 4056; x_wconf 80' lang='lat' dir='ltr'><strong>exortas</strong></span> <span class='ocrx_word' id='word_1_434' title='bbox 3545 4016 3679 4058; x_wconf 88' lang='lat' dir='ltr'><strong>coe-</strong></span> 
     </span>
     <span class='ocr_line' id='line_1_38' title="bbox 451 4071 3680 4174; baseline 0.001 -26"><span class='ocrx_word' id='word_1_435' title='bbox 451 4071 581 4151; x_wconf 86' lang='lat' dir='ltr'><strong>lesti</strong></span> <span class='ocrx_word' id='word_1_436' title='bbox 627 4089 856 4152; x_wconf 91' lang='lat' dir='ltr'><strong>lumine</strong></span> <span class='ocrx_word' id='word_1_437' title='bbox 881 4091 1142 4154; x_wconf 90' lang='lat' dir='ltr'><strong>diremit.</strong></span> <span class='ocrx_word' id='word_1_438' title='bbox 1173 4095 1375 4154; x_wconf 79' lang='lat' dir='ltr'><strong>Testes</strong></span> <span class='ocrx_word' id='word_1_439' title='bbox 1405 4093 1665 4173; x_wconf 88' lang='lat' dir='ltr'><strong>denique</strong></span> <span class='ocrx_word' id='word_1_440' title='bbox 1697 4101 1841 4155; x_wconf 89' lang='lat' dir='ltr'><strong>sunt</strong></span> <span class='ocrx_word' id='word_1_441' title='bbox 1863 4093 2102 4174; x_wconf 83' lang='lat' dir='ltr'><strong>egregia</strong></span> <span class='ocrx_word' id='word_1_442' title='bbox 2132 4091 2242 4153; x_wconf 93' lang='lat' dir='ltr'><strong>illa</strong></span> <span class='ocrx_word' id='word_1_443' title='bbox 2271 4098 2690 4161; x_wconf 88' lang='lat' dir='ltr'><strong>monumenta,</strong></span> <span class='ocrx_word' id='word_1_444' title='bbox 2720 4089 2784 4149; x_wconf 92' lang='lat' dir='ltr'><strong>in</strong></span> <span class='ocrx_word' id='word_1_445' title='bbox 2817 4088 3044 4168; x_wconf 81' lang='lat' dir='ltr'><strong>quibus</strong></span> <span class='ocrx_word' id='word_1_446' title='bbox 3076 4088 3435 4167; x_wconf 89' lang='lat' dir='ltr'><strong>sapientiae,</strong></span> <span class='ocrx_word' id='word_1_447' title='bbox 3471 4091 3680 4151; x_wconf 86' lang='lat' dir='ltr'><strong>erudi-</strong></span> 
     </span>
     <span class='ocr_line' id='line_1_39' title="bbox 453 4181 3683 4268; baseline 0.001 -25"><span class='ocrx_word' id='word_1_448' title='bbox 453 4181 755 4263; x_wconf 90' lang='lat' dir='ltr'><strong>tionisque</strong></span> <span class='ocrx_word' id='word_1_449' title='bbox 782 4202 926 4246; x_wconf 88' lang='lat' dir='ltr'><strong>suae</strong></span> <span class='ocrx_word' id='word_1_450' title='bbox 952 4204 1096 4266; x_wconf 88' lang='lat' dir='ltr'><strong>opes</strong></span> <span class='ocrx_word' id='word_1_451' title='bbox 1135 4205 1372 4260; x_wconf 90' lang='lat' dir='ltr'><strong>omnes,</strong></span> <span class='ocrx_word' id='word_1_452' title='bbox 1420 4187 1739 4268; x_wconf 87' lang='lat' dir='ltr'><strong>copiasque</strong></span> <span class='ocrx_word' id='word_1_453' title='bbox 1786 4186 2103 4258; x_wconf 87' lang='lat' dir='ltr'><strong>conclusit,</strong></span> <span class='ocrx_word' id='word_1_454' title='bbox 2149 4195 2220 4249; x_wconf 92' lang='lat' dir='ltr'><strong>ut</strong></span> <span class='ocrx_word' id='word_1_455' title='bbox 2261 4185 2522 4267; x_wconf 87' lang='lat' dir='ltr'><strong>portenti</strong></span> <span class='ocrx_word' id='word_1_456' title='bbox 2570 4183 2767 4246; x_wconf 90' lang='lat' dir='ltr'><strong>simile</strong></span> <span class='ocrx_word' id='word_1_457' title='bbox 2815 4183 3066 4244; x_wconf 88' lang='lat' dir='ltr'><strong>omnino</strong></span> <span class='ocrx_word' id='word_1_458' title='bbox 3113 4182 3191 4244; x_wconf 88' lang='lat' dir='ltr'><strong>sit</strong></span> <span class='ocrx_word' id='word_1_459' title='bbox 3245 4202 3438 4243; x_wconf 88' lang='lat' dir='ltr'><strong>unum</strong></span> <span class='ocrx_word' id='word_1_460' title='bbox 3483 4182 3683 4245; x_wconf 89' lang='lat' dir='ltr'><strong>homi-</strong></span> 
     </span>
     <span class='ocr_line' id='line_1_40' title="bbox 454 4276 3685 4356; baseline 0.001 -19"><span class='ocrx_word' id='word_1_461' title='bbox 454 4296 592 4337; x_wconf 90' lang='lat' dir='ltr'><strong>nem</strong></span> <span class='ocrx_word' id='word_1_462' title='bbox 627 4285 713 4339; x_wconf 93' lang='lat' dir='ltr'><strong>tot</strong></span> <span class='ocrx_word' id='word_1_463' title='bbox 736 4296 806 4339; x_wconf 88' lang='lat' dir='ltr'><strong>ac</strong></span> <span class='ocrx_word' id='word_1_464' title='bbox 833 4287 997 4340; x_wconf 88' lang='lat' dir='ltr'><strong>tanta</strong></span> <span class='ocrx_word' id='word_1_465' title='bbox 1024 4299 1147 4352; x_wconf 76' lang='lat' dir='ltr'><strong>reS,</strong></span> <span class='ocrx_word' id='word_1_466' title='bbox 1205 4288 1327 4340; x_wconf 92' lang='lat' dir='ltr'><strong>tam</strong></span> <span class='ocrx_word' id='word_1_467' title='bbox 1361 4280 1588 4353; x_wconf 69' lang='lat' dir='ltr'><strong>varias‘,</strong></span> <span class='ocrx_word' id='word_1_468' title='bbox 1623 4289 1710 4343; x_wconf 91' lang='lat' dir='ltr'><strong>tot</strong></span> <span class='ocrx_word' id='word_1_469' title='bbox 1735 4280 2192 4342; x_wconf 78' lang='lat' dir='ltr'><strong>difficultatibus</strong></span> <span class='ocrx_word' id='word_1_470' title='bbox 2224 4301 2293 4341; x_wconf 90' lang='lat' dir='ltr'><strong>ac</strong></span> <span class='ocrx_word' id='word_1_471' title='bbox 2340 4287 2502 4341; x_wconf 89' lang='lat' dir='ltr'><strong>tanta</strong></span> <span class='ocrx_word' id='word_1_472' title='bbox 2527 4277 2890 4339; x_wconf 87' lang='lat' dir='ltr'><strong>obscuritate</strong></span> <span class='ocrx_word' id='word_1_473' title='bbox 2922 4276 3238 4356; x_wconf 86' lang='lat' dir='ltr'><strong>impeditas</strong></span> <span class='ocrx_word' id='word_1_474' title='bbox 3281 4284 3389 4338; x_wconf 89' lang='lat' dir='ltr'><strong>aut</strong></span> <span class='ocrx_word' id='word_1_475' title='bbox 3434 4276 3685 4340; x_wconf 89' lang='lat' dir='ltr'><strong>scientia</strong></span> 
     </span>
     <span class='ocr_line' id='line_1_41' title="bbox 454 4369 3682 4453; baseline -0 -20"><span class='ocrx_word' id='word_1_476' title='bbox 454 4372 988 4453; x_wconf 85' lang='lat' dir='ltr'><strong>comprehendere,</strong></span> <span class='ocrx_word' id='word_1_477' title='bbox 1019 4381 1126 4435; x_wconf 89' lang='lat' dir='ltr'><strong>aut</strong></span> <span class='ocrx_word' id='word_1_478' title='bbox 1171 4374 1459 4435; x_wconf 88' lang='lat' dir='ltr'><strong>memoria</strong></span> <span class='ocrx_word' id='word_1_479' title='bbox 1510 4376 1797 4448; x_wconf 89' lang='lat' dir='ltr'><strong>retinere,</strong></span> <span class='ocrx_word' id='word_1_480' title='bbox 1828 4384 1933 4439; x_wconf 89' lang='lat' dir='ltr'><strong>aut</strong></span> <span class='ocrx_word' id='word_1_481' title='bbox 1966 4375 2141 4437; x_wconf 87' lang='lat' dir='ltr'><strong>libris</strong></span> <span class='ocrx_word' id='word_1_482' title='bbox 2189 4374 2560 4436; x_wconf 86' lang='lat' dir='ltr'><strong>committere</strong></span> <span class='ocrx_word' id='word_1_483' title='bbox 2594 4370 2885 4452; x_wconf 80' lang='lat' dir='ltr'><strong>potuisse3</strong></span> <span class='ocrx_word' id='word_1_484' title='bbox 2921 4378 3103 4450; x_wconf 89' lang='lat' dir='ltr'><strong>atque</strong></span> <span class='ocrx_word' id='word_1_485' title='bbox 3151 4390 3291 4430; x_wconf 90' lang='lat' dir='ltr'><strong>eum</strong></span> <span class='ocrx_word' id='word_1_486' title='bbox 3339 4369 3682 4446; x_wconf 88' lang='lat' dir='ltr'><strong>hominem,</strong></span> 
     </span>
     <span class='ocr_line' id='line_1_42' title="bbox 455 4466 3686 4552; baseline 0 -24"><span class='ocrx_word' id='word_1_487' title='bbox 455 4466 552 4528; x_wconf 87' lang='lat' dir='ltr'><strong>cui</strong></span> <span class='ocrx_word' id='word_1_488' title='bbox 581 4466 1089 4547; x_wconf 89' lang='lat' dir='ltr'><strong>praestantissima</strong></span> <span class='ocrx_word' id='word_1_489' title='bbox 1116 4467 1502 4548; x_wconf 87' lang='lat' dir='ltr'><strong>Reipublicae</strong></span> <span class='ocrx_word' id='word_1_490' title='bbox 1529 4490 1810 4544; x_wconf 89' lang='lat' dir='ltr'><strong>munera,</strong></span> <span class='ocrx_word' id='word_1_491' title='bbox 1840 4469 2301 4552; x_wconf 86' lang='lat' dir='ltr'><strong>gravissimique</strong></span> <span class='ocrx_word' id='word_1_492' title='bbox 2329 4467 2627 4529; x_wconf 74' lang='lat' dir='ltr'><strong>Ecclesiae</strong></span> <span class='ocrx_word' id='word_1_493' title='bbox 2661 4466 3044 4547; x_wconf 83' lang='lat' dir='ltr'><strong>Magistratus</strong></span> <span class='ocrx_word' id='word_1_494' title='bbox 3085 4485 3325 4526; x_wconf 85' lang='lat' dir='ltr'><strong>omnem</strong></span> <span class='ocrx_word' id='word_1_495' title='bbox 3364 4466 3438 4527; x_wconf 91' lang='lat' dir='ltr'><strong>de</strong></span> <span class='ocrx_word' id='word_1_496' title='bbox 3468 4466 3565 4527; x_wconf 91' lang='lat' dir='ltr'><strong>his</strong></span> <span class='ocrx_word' id='word_1_497' title='bbox 3593 4467 3686 4529; x_wconf 90' lang='lat' dir='ltr'><strong>in-</strong></span> 
     </span>
     <span class='ocr_line' id='line_1_43' title="bbox 459 4558 3688 4644; baseline 0.001 -24"><span class='ocrx_word' id='word_1_498' title='bbox 459 4560 781 4621; x_wconf 85' lang='lat' dir='ltr'><strong>terioribus</strong></span> <span class='ocrx_word' id='word_1_499' title='bbox 807 4560 996 4622; x_wconf 87' lang='lat' dir='ltr'><strong>literis</strong></span> <span class='ocrx_word' id='word_1_500' title='bbox 1026 4561 1328 4642; x_wconf 88' lang='lat' dir='ltr'><strong>cogitandi</strong></span> <span class='ocrx_word' id='word_1_501' title='bbox 1362 4570 1710 4641; x_wconf 82' lang='lat' dir='ltr'><strong>potestatem</strong></span> <span class='ocrx_word' id='word_1_502' title='bbox 1735 4583 1969 4644; x_wconf 90' lang='lat' dir='ltr'><strong>semper</strong></span> <span class='ocrx_word' id='word_1_503' title='bbox 1994 4562 2286 4625; x_wconf 82' lang='lat' dir='ltr'><strong>ademisse</strong></span> <span class='ocrx_word' id='word_1_504' title='bbox 2310 4561 2651 4624; x_wconf 89' lang='lat' dir='ltr'><strong>videantur.</strong></span> <span class='ocrx_word' id='word_1_505' title='bbox 2685 4560 2799 4622; x_wconf 89' lang='lat' dir='ltr'><strong>Sed</strong></span> <span class='ocrx_word' id='word_1_506' title='bbox 2835 4560 2948 4620; x_wconf 90' lang='lat' dir='ltr'><strong>hoc</strong></span> <span class='ocrx_word' id='word_1_507' title='bbox 2977 4558 3268 4620; x_wconf 88' lang='lat' dir='ltr'><strong>nimirum</strong></span> <span class='ocrx_word' id='word_1_508' title='bbox 3296 4569 3386 4621; x_wconf 90' lang='lat' dir='ltr'><strong>est</strong></span> <span class='ocrx_word' id='word_1_509' title='bbox 3414 4559 3688 4623; x_wconf 88' lang='lat' dir='ltr'><strong>virorum</strong></span> 
     </span>
     <span class='ocr_line' id='line_1_44' title="bbox 457 4652 3689 4739; baseline 0.002 -26"><span class='ocrx_word' id='word_1_510' title='bbox 457 4653 535 4736; x_wconf 84' lang='lat' dir='ltr'><strong>ad</strong></span> <span class='ocrx_word' id='word_1_511' title='bbox 564 4652 834 4733; x_wconf 87' lang='lat' dir='ltr'><strong>publicas</strong></span> <span class='ocrx_word' id='word_1_512' title='bbox 859 4653 1072 4716; x_wconf 86' lang='lat' dir='ltr'><strong>Mundi</strong></span> <span class='ocrx_word' id='word_1_513' title='bbox 1123 4654 1441 4728; x_wconf 78' lang='lat' dir='ltr'><strong>utilitateS,</strong></span> <span class='ocrx_word' id='word_1_514' title='bbox 1492 4665 1552 4717; x_wconf 89' lang='lat' dir='ltr'><strong>et</strong></span> <span class='ocrx_word' id='word_1_515' title='bbox 1592 4656 1670 4717; x_wconf 90' lang='lat' dir='ltr'><strong>ad</strong></span> <span class='ocrx_word' id='word_1_516' title='bbox 1709 4658 1996 4739; x_wconf 87' lang='lat' dir='ltr'><strong>majorem</strong></span> <span class='ocrx_word' id='word_1_517' title='bbox 2047 4656 2253 4717; x_wconf 90' lang='lat' dir='ltr'><strong>Divini</strong></span> <span class='ocrx_word' id='word_1_518' title='bbox 2301 4655 2578 4717; x_wconf 87' lang='lat' dir='ltr'><strong>Nominis</strong></span> <span class='ocrx_word' id='word_1_519' title='bbox 2608 4653 2866 4736; x_wconf 89' lang='lat' dir='ltr'><strong>gloriam</strong></span> <span class='ocrx_word' id='word_1_520' title='bbox 2903 4674 2941 4715; x_wconf 93' lang='lat' dir='ltr'><strong>a</strong></span> <span class='ocrx_word' id='word_1_521' title='bbox 2969 4655 3092 4714; x_wconf 89' lang='lat' dir='ltr'><strong>Deo</strong></span> <span class='ocrx_word' id='word_1_522' title='bbox 3141 4653 3556 4728; x_wconf 88' lang='lat' dir='ltr'><strong>conditorum,</strong></span> <span class='ocrx_word' id='word_1_523' title='bbox 3612 4676 3689 4718; x_wconf 88' lang='lat' dir='ltr'><strong>ne</strong></span> 
     </span>
     <span class='ocr_line' id='line_1_45' title="bbox 459 4746 3691 4833; baseline 0.002 -26"><span class='ocrx_word' id='word_1_524' title='bbox 459 4753 752 4826; x_wconf 88' lang='lat' dir='ltr'><strong>punctum</strong></span> <span class='ocrx_word' id='word_1_525' title='bbox 782 4746 1026 4827; x_wconf 84' lang='lat' dir='ltr'><strong>quidem</strong></span> <span class='ocrx_word' id='word_1_526' title='bbox 1059 4748 1344 4828; x_wconf 88' lang='lat' dir='ltr'><strong>temporis</strong></span> <span class='ocrx_word' id='word_1_527' title='bbox 1376 4768 1414 4811; x_wconf 89' lang='lat' dir='ltr'><strong>a</strong></span> <span class='ocrx_word' id='word_1_528' title='bbox 1439 4748 1719 4811; x_wconf 79' lang='lat' dir='ltr'><strong>maximis</strong></span> <span class='ocrx_word' id='word_1_529' title='bbox 1745 4751 1926 4812; x_wconf 90' lang='lat' dir='ltr'><strong>rebus</strong></span> <span class='ocrx_word' id='word_1_530' title='bbox 1967 4750 2300 4833; x_wconf 85' lang='lat' dir='ltr'><strong>cogitandis</strong></span> <span class='ocrx_word' id='word_1_531' title='bbox 2346 4750 2712 4832; x_wconf 88' lang='lat' dir='ltr'><strong>agendisque</strong></span> <span class='ocrx_word' id='word_1_532' title='bbox 2743 4767 3004 4809; x_wconf 88' lang='lat' dir='ltr'><strong>vacuum</strong></span> <span class='ocrx_word' id='word_1_533' title='bbox 3029 4746 3186 4809; x_wconf 90' lang='lat' dir='ltr'><strong>elabi</strong></span> <span class='ocrx_word' id='word_1_534' title='bbox 3224 4748 3456 4821; x_wconf 84' lang='lat' dir='ltr'><strong>sincre;</strong></span> <span class='ocrx_word' id='word_1_535' title='bbox 3485 4750 3691 4813; x_wconf 89' lang='lat' dir='ltr'><strong>omnia</strong></span> 
     </span>
     <span class='ocr_line' id='line_1_46' title="bbox 463 4839 3690 4924; baseline 0.002 -23"><span class='ocrx_word' id='word_1_536' title='bbox 463 4839 861 4919; x_wconf 88' lang='lat' dir='ltr'><strong>cupiditatum</strong></span> <span class='ocrx_word' id='word_1_537' title='bbox 905 4841 1363 4924; x_wconf 84' lang='lat' dir='ltr'><strong>blandimentis,</strong></span> <span class='ocrx_word' id='word_1_538' title='bbox 1405 4843 1597 4906; x_wconf 85' lang='lat' dir='ltr'><strong>multa</strong></span> <span class='ocrx_word' id='word_1_539' title='bbox 1620 4843 1800 4906; x_wconf 89' lang='lat' dir='ltr'><strong>etiam</strong></span> <span class='ocrx_word' id='word_1_540' title='bbox 1828 4853 2082 4908; x_wconf 89' lang='lat' dir='ltr'><strong>naturae</strong></span> <span class='ocrx_word' id='word_1_541' title='bbox 2129 4845 2581 4907; x_wconf 88' lang='lat' dir='ltr'><strong>necessitatibus</strong></span> <span class='ocrx_word' id='word_1_542' title='bbox 2607 4845 2939 4923; x_wconf 86' lang='lat' dir='ltr'><strong>denegare:</strong></span> <span class='ocrx_word' id='word_1_543' title='bbox 2970 4862 3210 4908; x_wconf 73' lang='lat' dir='ltr'><strong>omnem</strong></span> <span class='ocrx_word' id='word_1_544' title='bbox 3238 4843 3355 4903; x_wconf 89' lang='lat' dir='ltr'><strong>sibi</strong></span> <span class='ocrx_word' id='word_1_545' title='bbox 3394 4845 3690 4906; x_wconf 88' lang='lat' dir='ltr'><strong>rationem</strong></span> 
     </span>
     <span class='ocr_line' id='line_1_47' title="bbox 461 4934 3691 5017; baseline 0.002 -22"><span class='ocrx_word' id='word_1_546' title='bbox 461 4954 601 4995; x_wconf 90' lang='lat' dir='ltr'><strong>cum</strong></span> <span class='ocrx_word' id='word_1_547' title='bbox 627 4934 881 5010; x_wconf 89' lang='lat' dir='ltr'><strong>virtute,</strong></span> <span class='ocrx_word' id='word_1_548' title='bbox 911 4956 1034 4998; x_wconf 91' lang='lat' dir='ltr'><strong>non</strong></span> <span class='ocrx_word' id='word_1_549' title='bbox 1060 4957 1198 4999; x_wconf 90' lang='lat' dir='ltr'><strong>cum</strong></span> <span class='ocrx_word' id='word_1_550' title='bbox 1232 4937 1572 5017; x_wconf 81' lang='lat' dir='ltr'><strong>voluptate3</strong></span> <span class='ocrx_word' id='word_1_551' title='bbox 1603 4958 1740 5000; x_wconf 91' lang='lat' dir='ltr'><strong>cum</strong></span> <span class='ocrx_word' id='word_1_552' title='bbox 1769 4938 2006 5013; x_wconf 86' lang='lat' dir='ltr'><strong>labore,</strong></span> <span class='ocrx_word' id='word_1_553' title='bbox 2034 4960 2156 5001; x_wconf 89' lang='lat' dir='ltr'><strong>non</strong></span> <span class='ocrx_word' id='word_1_554' title='bbox 2185 4959 2325 5001; x_wconf 89' lang='lat' dir='ltr'><strong>cnm</strong></span> <span class='ocrx_word' id='word_1_555' title='bbox 2350 4937 2507 5011; x_wconf 90' lang='lat' dir='ltr'><strong>otio;</strong></span> <span class='ocrx_word' id='word_1_556' title='bbox 2539 4956 2679 4998; x_wconf 88' lang='lat' dir='ltr'><strong>cum</strong></span> <span class='ocrx_word' id='word_1_557' title='bbox 2715 4935 3020 4997; x_wconf 89' lang='lat' dir='ltr'><strong>communi</strong></span> <span class='ocrx_word' id='word_1_558' title='bbox 3050 4934 3366 5010; x_wconf 86' lang='lat' dir='ltr'><strong>felicitate,</strong></span> <span class='ocrx_word' id='word_1_559' title='bbox 3400 4957 3523 4998; x_wconf 93' lang='lat' dir='ltr'><strong>non</strong></span> <span class='ocrx_word' id='word_1_560' title='bbox 3552 4958 3691 5000; x_wconf 87' lang='lat' dir='ltr'><strong>cum</strong></span> 
     </span>
     <span class='ocr_line' id='line_1_48' title="bbox 465 5027 1567 5108; baseline 0.002 -18"><span class='ocrx_word' id='word_1_561' title='bbox 465 5028 718 5108; x_wconf 89' lang='lat' dir='ltr'><strong>privatis</strong></span> <span class='ocrx_word' id='word_1_562' title='bbox 748 5031 1075 5093; x_wconf 89' lang='lat' dir='ltr'><strong>commodis</strong></span> <span class='ocrx_word' id='word_1_563' title='bbox 1106 5051 1233 5092; x_wconf 89' lang='lat' dir='ltr'><strong>esse</strong></span> <span class='ocrx_word' id='word_1_564' title='bbox 1257 5027 1567 5093; x_wconf 80' lang='lat' dir='ltr'><strong>arbitrari.</strong></span> 
     </span>
    </p>

    <p class='ocr_par' dir='ltr' id='par_1_5' title="bbox 466 5122 3697 5587">
     <span class='ocr_line' id='line_1_49' title="bbox 582 5122 3691 5208; baseline -0.001 -21"><span class='ocrx_word' id='word_1_565' title='bbox 582 5124 874 5199; x_wconf 85' lang='lat' dir='ltr'><strong>Quamvis</strong></span> <span class='ocrx_word' id='word_1_566' title='bbox 897 5134 1099 5188; x_wconf 90' lang='lat' dir='ltr'><strong>autem</strong></span> <span class='ocrx_word' id='word_1_567' title='bbox 1128 5145 1375 5207; x_wconf 88' lang='lat' dir='ltr'><strong>magnas</strong></span> <span class='ocrx_word' id='word_1_568' title='bbox 1401 5127 1839 5189; x_wconf 82' lang='lat' dir='ltr'>BENEDICTO</span> <span class='ocrx_word' id='word_1_569' title='bbox 1868 5129 2036 5189; x_wconf 88' lang='lat' dir='ltr'><strong>xlv.</strong></span> <span class='ocrx_word' id='word_1_570' title='bbox 2069 5126 2294 5208; x_wconf 88' lang='lat' dir='ltr'><strong>gratias</strong></span> <span class='ocrx_word' id='word_1_571' title='bbox 2324 5125 2639 5186; x_wconf 91' lang='lat' dir='ltr'><strong>universae</strong></span> <span class='ocrx_word' id='word_1_572' title='bbox 2667 5123 3004 5185; x_wconf 90' lang='lat' dir='ltr'><strong>Literarum</strong></span> <span class='ocrx_word' id='word_1_573' title='bbox 3034 5122 3385 5203; x_wconf 88' lang='lat' dir='ltr'><strong>disciplinae</strong></span> <span class='ocrx_word' id='word_1_574' title='bbox 3412 5123 3691 5198; x_wconf 89' lang='lat' dir='ltr'><strong>debeant,</strong></span> 
     </span>
     <span class='ocr_line' id='line_1_50' title="bbox 466 5217 3694 5304; baseline 0 -25"><span class='ocrx_word' id='word_1_575' title='bbox 466 5217 643 5299; x_wconf 84' lang='lat' dir='ltr'><strong>plura</strong></span> <span class='ocrx_word' id='word_1_576' title='bbox 679 5228 908 5294; x_wconf 84' lang='lat' dir='ltr'><strong>tamen,</strong></span> <span class='ocrx_word' id='word_1_577' title='bbox 957 5241 1027 5283; x_wconf 89' lang='lat' dir='ltr'><strong>ac</strong></span> <span class='ocrx_word' id='word_1_578' title='bbox 1075 5222 1304 5302; x_wconf 81' lang='lat' dir='ltr'><strong>majora</strong></span> <span class='ocrx_word' id='word_1_579' title='bbox 1352 5222 1617 5304; x_wconf 84' lang='lat' dir='ltr'><strong>ejusdem</strong></span> <span class='ocrx_word' id='word_1_580' title='bbox 1645 5221 1710 5282; x_wconf 89' lang='lat' dir='ltr'><strong>in</strong></span> <span class='ocrx_word' id='word_1_581' title='bbox 1737 5222 1948 5283; x_wconf 87' lang='lat' dir='ltr'><strong>Sacros</strong></span> <span class='ocrx_word' id='word_1_582' title='bbox 1991 5223 2164 5283; x_wconf 85' lang='lat' dir='ltr'><strong>Ritus</strong></span> <span class='ocrx_word' id='word_1_583' title='bbox 2212 5219 2537 5300; x_wconf 88' lang='lat' dir='ltr'><strong>promerita</strong></span> <span class='ocrx_word' id='word_1_584' title='bbox 2569 5218 2982 5280; x_wconf 85' lang='lat' dir='ltr'><strong>constiterunt.</strong></span> <span class='ocrx_word' id='word_1_585' title='bbox 3027 5217 3178 5278; x_wconf 86' lang='lat' dir='ltr'><strong>Nam</strong></span> <span class='ocrx_word' id='word_1_586' title='bbox 3214 5217 3410 5297; x_wconf 90' lang='lat' dir='ltr'><strong>primo</strong></span> <span class='ocrx_word' id='word_1_587' title='bbox 3448 5218 3694 5297; x_wconf 89' lang='lat' dir='ltr'><strong>quidem</strong></span> 
     </span>
     <span class='ocr_line' id='line_1_51' title="bbox 466 5311 3697 5396; baseline 0 -23"><span class='ocrx_word' id='word_1_588' title='bbox 466 5312 896 5393; x_wconf 84' lang='lat' dir='ltr'><strong>amplissimam</strong></span> <span class='ocrx_word' id='word_1_589' title='bbox 946 5312 1068 5374; x_wconf 87' lang='lat' dir='ltr'><strong>illis</strong></span> <span class='ocrx_word' id='word_1_590' title='bbox 1099 5312 1375 5376; x_wconf 89' lang='lat' dir='ltr'><strong>Scholam</strong></span> <span class='ocrx_word' id='word_1_591' title='bbox 1426 5314 1488 5375; x_wconf 91' lang='lat' dir='ltr'><strong>in</strong></span> <span class='ocrx_word' id='word_1_592' title='bbox 1539 5315 2010 5377; x_wconf 81' lang='lat' dir='ltr'><strong>Conirnbricensi</strong></span> <span class='ocrx_word' id='word_1_593' title='bbox 2041 5316 2347 5378; x_wconf 84' lang='lat' dir='ltr'><strong>Athenaeo</strong></span> <span class='ocrx_word' id='word_1_594' title='bbox 2394 5315 2662 5396; x_wconf 87' lang='lat' dir='ltr'><strong>aperuit,</strong></span> <span class='ocrx_word' id='word_1_595' title='bbox 2714 5325 2840 5376; x_wconf 89' lang='lat' dir='ltr'><strong>tum</strong></span> <span class='ocrx_word' id='word_1_596' title='bbox 2889 5311 3166 5374; x_wconf 86' lang='lat' dir='ltr'><strong>Scholam</strong></span> <span class='ocrx_word' id='word_1_597' title='bbox 3207 5312 3397 5392; x_wconf 90' lang='lat' dir='ltr'><strong>ipsam</strong></span> <span class='ocrx_word' id='word_1_598' title='bbox 3445 5314 3697 5395; x_wconf 81' lang='lat' dir='ltr'><strong>ejusque</strong></span> 
     </span>
     <span class='ocr_line' id='line_1_52' title="bbox 470 5405 3693 5490; baseline 0 -25"><span class='ocrx_word' id='word_1_599' title='bbox 470 5406 885 5489; x_wconf 75' lang='lat' dir='ltr'><strong>Praeceptores</strong></span> <span class='ocrx_word' id='word_1_600' title='bbox 917 5407 979 5467; x_wconf 89' lang='lat' dir='ltr'><strong>in</strong></span> <span class='ocrx_word' id='word_1_601' title='bbox 1011 5428 1213 5481; x_wconf 92' lang='lat' dir='ltr'><strong>suam,</strong></span> <span class='ocrx_word' id='word_1_602' title='bbox 1244 5417 1427 5488; x_wconf 85' lang='lat' dir='ltr'><strong>atque</strong></span> <span class='ocrx_word' id='word_1_603' title='bbox 1451 5409 1823 5490; x_wconf 83' lang='lat' dir='ltr'><strong>Apostolicae</strong></span> <span class='ocrx_word' id='word_1_604' title='bbox 1857 5410 2025 5472; x_wconf 86' lang='lat' dir='ltr'><strong>Sedis</strong></span> <span class='ocrx_word' id='word_1_605' title='bbox 2051 5411 2299 5473; x_wconf 87' lang='lat' dir='ltr'><strong>tutelam</strong></span> <span class='ocrx_word' id='word_1_606' title='bbox 2331 5410 2585 5490; x_wconf 77' lang='lat' dir='ltr'><strong>accepit3</strong></span> <span class='ocrx_word' id='word_1_607' title='bbox 2615 5408 2876 5486; x_wconf 83' lang='lat' dir='ltr'><strong>denique</strong></span> <span class='ocrx_word' id='word_1_608' title='bbox 2902 5425 2973 5467; x_wconf 89' lang='lat' dir='ltr'><strong>eo</strong></span> <span class='ocrx_word' id='word_1_609' title='bbox 2999 5405 3394 5467; x_wconf 90' lang='lat' dir='ltr'><strong>humanitatis</strong></span> <span class='ocrx_word' id='word_1_610' title='bbox 3421 5406 3693 5479; x_wconf 83' lang='lat' dir='ltr'><strong>devenit,</strong></span> 
     </span>
     <span class='ocr_line' id='line_1_53' title="bbox 471 5498 3696 5587; baseline 0 -26"><span class='ocrx_word' id='word_1_611' title='bbox 471 5510 537 5563; x_wconf 91' lang='lat' dir='ltr'><strong>ut</strong></span> <span class='ocrx_word' id='word_1_612' title='bbox 585 5522 724 5565; x_wconf 88' lang='lat' dir='ltr'><strong>suos</strong></span> <span class='ocrx_word' id='word_1_613' title='bbox 750 5503 933 5565; x_wconf 85' lang='lat' dir='ltr'><strong>etiam</strong></span> <span class='ocrx_word' id='word_1_614' title='bbox 962 5502 1150 5565; x_wconf 88' lang='lat' dir='ltr'><strong>libros</strong></span> <span class='ocrx_word' id='word_1_615' title='bbox 1177 5503 1519 5575; x_wconf 86' lang='lat' dir='ltr'><strong>universos,</strong></span> <span class='ocrx_word' id='word_1_616' title='bbox 1572 5503 1809 5586; x_wconf 83' lang='lat' dir='ltr'><strong>pietatis</strong></span> <span class='ocrx_word' id='word_1_617' title='bbox 1834 5505 2282 5587; x_wconf 86' lang='lat' dir='ltr'><strong>sapientiaeque</strong></span> <span class='ocrx_word' id='word_1_618' title='bbox 2310 5501 2682 5584; x_wconf 85' lang='lat' dir='ltr'><strong>plenissimos</strong></span> <span class='ocrx_word' id='word_1_619' title='bbox 2725 5498 3126 5563; x_wconf 72' lang='lat' dir='ltr'><strong>haereditario</strong></span> <span class='ocrx_word' id='word_1_620' title='bbox 3172 5499 3434 5578; x_wconf 78' lang='lat' dir='ltr'><strong>quodam</strong></span> <span class='ocrx_word' id='word_1_621' title='bbox 3455 5500 3594 5581; x_wconf 84' lang='lat' dir='ltr'><strong>jure</strong></span> <span class='ocrx_word' id='word_1_622' title='bbox 3620 5500 3696 5561; x_wconf 85' lang='lat' dir='ltr'><strong>ad</strong></span> 
     </span>
    </p>

    <p class='ocr_par' dir='ltr' id='par_1_6' title="bbox 799 5615 3371 5671">
     <span class='ocr_line' id='line_1_54' title="bbox 799 5615 3371 5671; baseline 0.001 -5"><span class='ocrx_word' id='word_1_623' title='bbox 799 5629 1007 5666; x_wconf 63' lang='lat' dir='ltr'><strong>nasso.</strong></span> <span class='ocrx_word' id='word_1_624' title='bbox 1057 5629 1169 5666; x_wconf 76' lang='lat' dir='ltr'><strong>xiv.</strong></span> <span class='ocrx_word' id='word_1_625' title='bbox 1211 5627 1355 5666; x_wconf 78' lang='grc' dir='ltr'>τυιι.</span> <span class='ocrx_word' id='word_1_626' title='bbox 1398 5616 1537 5671; x_wconf 77' lang='lat' dir='ltr'><strong>vul.</strong></span> <span class='ocrx_word' id='word_1_627' title='bbox 3340 5615 3371 5659; x_wconf 75' lang='grc'>3</span> 
     </span>
    </p>
   </div>
  </div>
 </body>
</html>
