4487 6316
436 1511 524 1553 La
558 1506 729 1575 positivo

960 474 1058 524 ssa

772 618 1006 675 secratio
1053 628 1106 677 et
1156 617 1277 679 ideo
1319 640 1461 699 quae
1501 623 1652 685 circa
1697 623 1828 683 haec
1865 634 1999 684 sunt
2044 623 2277 684 dicenda
2304 670 2319 694 ,

1714 479 1802 560 ps
1841 477 2323 537 saccomc‘ro
2359 478 2575 535 mss-az
2612 479 2990 535 sacnti-icio

2434 622 2680 705 quidem
2721 626 2805 686 ob
2851 632 3076 685 metum
3104 668 3120 697 ‚
3165 624 3269 685 sed
3296 625 3432 702 quia
3472 623 3722 685 nondum
3757 633 3979 684 venerat

771 710 979 769 occulte
1000 730 1037 769 a
1061 708 1366 795 Sacerdote⁸
1384 715 1673 777 dicuntur.
1701 717 1777 777 Et
1798 717 1871 776 D.
1900 719 2323 788 Bonaventura
2433 738 2533 779 ora
2555 720 2693 795 ejus.
2728 717 2948 780 Scribit
2966 717 3152 800 igitur
3175 717 3472 779 Pontifex:
3497 718 3662 778 Illud
3676 720 3979 789 latibulum

772 800 837 883 in
866 800 1131 883 Exposit.
1165 806 1411 880 Missae,
1449 809 1551 869 ubi
1580 809 1704 891 agit
1733 810 1807 871 de
1835 812 2033 883 modo,
2063 829 2187 891 quo
2208 810 2321 872 Ca-

768 916 891 959 non
920 899 1261 962 recitandus
1292 901 1398 975 sit,
1434 903 1667 974 Canon,
1698 903 1927 985 inquit,
1957 907 2187 966 discrete
2218 953 2232 975 ,
2271 914 2335 971 et.

768 993 1128 1079 subpsilcntio
1161 997 1421 1073 leyendue
1458 1009 1559 1057 est:
1593 1000 1822 1059 discrete
1845 1048 1861 1070 ,
1901 1010 1965 1061 ut
2001 1002 2168 1063 mbo
2207 998 2323 1059 Ca-

754 1089 932 1149 ,nonis
958 1108 1055 1148 nec
1086 1083 1267 1161 nimis
1302 1092 1556 1151 velociter
1596 1095 1980 1173 syncopando,
2024 1097 2110 1154 vel
2149 1097 2320 1154 nimis

762 1183 1144 1259 protrahendo
1187 1187 1686 1255 circumstantibus
1726 1200 1981 1266 qenerent
2026 1191 2324 1250 taedium.

733 1273 933 1337 Unde
966 1276 1256 1349 Ecclesia,
1289 1270 1527 1351 statuit,
1556 1292 1621 1341 ut
1656 1280 1856 1344 Canon
1880 1285 2096 1356 devote,
2129 1296 2180 1345 et
2227 1286 2330 1346 sub

766 1368 991 1431 silentio
1023 1373 1262 1450 leqatur.
1310 1422 1321 1435 .

891 1469 986 1527 16.
1040 1463 1220 1529 Sexto
1263 1470 1611 1549 quaeritur,
1663 1491 1741 1534 an
1777 1472 1933 1535 ratio
1978 1483 2039 1536 et
2077 1472 2352 1554 positiva>

438 1570 563 1609 recu-t
567 1566 638 1608 ndi
671 1580 737 1608 ιε-
778 1557 855 1620 sit
889 1562 1186 1640 quaedam
1212 1562 1331 1636 lex,
1363 1584 1486 1644 qua
1509 1565 1810 1641 Cauonem
1832 1567 2104 1649 aliasque
2131 1586 2332 1648 preces

435 1632 550 1666 creto
595 1627 732 1722 Cauo-

436 1738 489 1779 de

438 1682 668 1723 nemi-2¹1·

490 1738 602 1779 ιιίιιιιι

438 1794 563 1838 nodo.

677 1752 729 1798 5·
768 1747 847 1809 do
876 1752 996 1810 tota
1025 1748 1261 1813 dicatur
1308 1732 1490 1814 Missa
1514 1753 1637 1816 alta
1665 1774 1807 1841 voce
1846 1774 2004 1835 quae
2044 1757 2328 1831 audiatur
2371 1772 2378 1777 ·

708 1654 1025 1716 -demissa
1054 1676 1197 1718 voce
1220 1658 1472 1739 recitare
1490 1661 1839 1742 jubeamur,
1870 1671 1930 1723 et
1949 1672 2029 1723 an
2042 1662 2332 1742 aliquan-

767 1843 849 1905 ab
874 1843 1178 1905 omnibus.
1211 1846 1337 1908 Lex
1366 1867 1437 1909 ea
1463 1848 1556 1909 de.
1569 1869 1635 1909 re
1661 1849 1853 1928 posita
1878 1859 1968 1912 est
1994 1850 2057 1911 in
2085 1851 2329 1933 Synodo

768 1936 1145 2010 Tridentina,
1176 1958 1333 2023 quae
1361 1942 1627 2023 ejusdem
1651 1942 1797 2023 legis
1823 1944 2012 2005 affert
2025 1944 2327 2005 rationem

766 2048 909 2091 sess·
948 2036 1046 2091 22.
1080 2052 1210 2113 cap.
1251 2040 1309 2095 5.
1350 2033 1497 2095 Cum
1526 2046 1741 2097 natura
1781 2038 2070 2101 hominum
2098 2058 2165 2099 ea
2206 2040 2325 2109 sit,

767 2136 834 2184 ut
862 2145 975 2185 non
1003 2120 1178 2204 sacile‘
1193 2140 1360 2207 queat
1381 2132 1500 2190 sine
1527 2132 1891 2192 adrniniculis
1918 2133 2326 2202 exterioribus,

767 2216 845 2280 ad
877 2240 1072 2291 rerum,
1095 2222 1424 2287 divinarum
1449 2225 1863 2285 meditationem
1894 2227 2118 2285 sustolli
2145 2273 2158 2293 ,
2191 2245 2326 2305 pro-

765 2324 960 2394 pterea
978 2318 1080 2394 pia
1114 2316 1578 2380 materEcclecia
1598 2319 1778 2379 ’Ritus
1805 2321 2097 2398 quosdam,
2127 2331 2193 2380 ut
2220 2323 2331 2379 sci-

778 2408 901 2467 licet
927 2411 1202 2487 quaedam
1225 2413 1499 2473 submissa
1525 2433 1669 2481 voce,
1702 2416 1826 2477 alia
1846 2434 1979 2474 ⁴vero
2005 2416 2248 2475 clariore
2271 2418 2335 2473 in

778 2494 968 2571 Missa
996 2505 1544 2584 pronuntiarentur,
1582 2510 1855 2567 instituit.
1891 2509 1968 2579 Et
2001 2508 2243 2569 Canone
2270 2514 2330 2568 9.

772 2596 965 2676 ejusd.
993 2617 1131 2658 sess.
1152 2597 1370 2677 Siquis
1395 2601 1609 2660 dixerit
1638 2600 1917 2661 Ecclesiae
1941 2602 2225 2662 Romanae
2249 2602 2335 2661 ri-

774 2699 921 2759 tum,
945 2711 1054 2769 quo
1075 2694 1347 2754 submissa
1366 2714 1489 2754 voce
1508 2714 1641 2774 pare
1664 2693 1934 2768 Cononis,
1948 2705 1997 2754 et
2017 2698 2182 2756 verba
2196 2695 2342 2755 Con-

774 2788 1101 2855 secrationis
1120 2788 1515 2865 proferuntur,
1541 2791 1928 2851 damnandum
1956 2811 2084 2861 ecce,
2110 2792 2342 2851 anathe-

444 2906 736 2951 ffifiomstm-
778 2898 874 2938 ma
902 2881 996 2939 eit.
1028 2880 1089 2939 S.
1126 2880 1403 2961 Synodus
1430 2883 1668 2963 respicit
1698 2883 1774 2944 ad
1808 2884 2201 2967 Eucharistici
2232 2905 2335 2945 su-

538 2970 567 3007 R
577 2968 674 3008 itus.

784 2972 1142 3037 blimitatem
1180 2976 1449 3057 Mysterii
1481 2998 1691 3058 ,nquae
1724 2978 2027 3059 postulat,
2069 2987 2139 3040 ut
2177 2978 2335 3038 nihil

779 3067 1006 3128 nesciat
1029 3067 1334 3142 Sacer-dm,
1358 3072 1655 3151 quaedam
1679 3092 1823 3133 vero
1845 3073 1966 3133 sint
1986 3072 2215 3153 Populo
2240 3090 2337 3151 ar-

782 3181 965 3235 cana;
997 3172 1125 3252 tum
1146 3174 1207 3227 et
1237 3166 1315 3232 ad
1341 3166 1601 3246 Spiritus
1641 3168 1839 3229 Sancti
1873 3167 2284 3249 operationem
2306 3213 2332 3241 ,

784 3274 943 3336 quae
980 3274 1194 3337 panem
1234 3268 1293 3320 et
1330 3260 1540 3322 vinum
1583 3270 1936 3325 convertens
1963 3261 2025 3321 in
2059 3261 2291 3340 Corpus
2317 3307 2333 3334 ,

782 3359 843 3411 et
860 3351 1223 3435 Sanguinem
1244 3356 1384 3417 Jesu
1405 3356 1625 3419 Christi
1651 3377 1770 3436 non
1797 3357 1957 3419 cadit
1974 3346 2087 3419 sub
2107 3375 2337 3420 seusus:

781 3443 971 3520 Quam
995 3452 1454 3514 consecrationem
1486 3443 1773 3531 Corpor'is,
1804 3464 1854 3512 et
1885 3454 2203 3530 Sanquinie
2225 3452 2338 3512 Do-

779 3540 979 3599 minici
998 3541 1119 3599 ideo
1146 3562 1356 3622 semper
1385 3545 1449 3602 in
1473 3546 1989 3605 silentioarbitror
2015 3547 2287 3606 celebrari
2317 3593 2333 3617 ,

781 3634 921 3709 quia
945 3644 1170 3693 sanctus
1199 3638 1263 3694 in
1292 3639 1619 3697 eis‘manens
1654 3636 1912 3718 Spiritus
1937 3641 2187 3700 cumdem
2218 3639 2337 3724 Sa-

780 3725 1193 3787 oramentor'um
1246 3730 1482 3791 latenter
1532 3742 1800 3812 operatur
1855 3732 2124 3813 effectum.
2183 3732 2341 3793 Unde

785 3815 996 3880 Graece
1031 3825 1360 3902 mysterium
1387 3826 1600 3886 dicitur
1627 3819 1656 3896 ‚*
1680 3825 1825 3905 quod
1856 3838 2123 3888 secretam
2165 3837 2215 3886 et
2247 3847 2338 3887 re-

779 3914 1065 3977 conditam
1093 3918 1291 3979 habeat
1320 3920 1756 4000 dispositionem:
1785 3923 1970 3983 verba
2005 3930 2148 3982 sunt
2173 3929 2339 3983 vete-

787 4007 873 4069 ris
911 4011 1281 4090 Expositoris
1316 4014 1532 4077 Missae
1571 4016 1731 4095 apud
1774 4017 2044 4080 Martene
2086 4015 2228 4077 tom.
2277 4022 2332 4076 1.

784 4102 1152 4185 (le-antiquis
1175 4107 1470 4168 Ecclesiae
1494 4108 1731 4170 Ritibus
1754 4110 1983 4189 primae
2013 4109 2155 4170 edit.
2193 4128 2328 4189 pag.

785 4199 929 4258 ¹48.
970 4199 1229 4279 Respicit
1270 4200 1476 4262 itidem
1504 4203 1581 4282 S.3
1611 4203 1889 4284 Synodus
1934 4204 2009 4264 ad
2047 4205 2335 4284 majorem

781 4294 1251 4368 venerationem,
1287 4316 1442 4376 quae
1471 4317 1546 4358 ex
1570 4305 1793 4358 secreto
1813 4298 2048 4377 paritur
2073 4316 2219 4377 erga
2241 4315 2339 4357 res

785 4383 1022 4454 divinas
1044 4433 1060 4459 ,
1094 4407 1370 4468 quaeque
1406 4390 1644 4451 silentio
1683 4390 1978 4472 excitatur
2017 4396 2078 4449 et
2104 4389 2292 4449 alitur
2319 4434 2336 4462 ,

786 4497 911 4558 quo
937 4479 1005 4541 fit
1032 4491 1100 4543 ιιι
1127 4482 1436 4546 celebrans
1476 4485 1793 4557 Sacerdos,
1823 4493 1885 4545 et
1907 4484 2011 4564 qui
2048 4484 2289 4545 adstant
2316 4529 2333 4557 ‚

789 4592 946 4652 quae
971 4589 1494 4655 repraesentantur
1522 4580 1808 4660 Mysteria
1833 4625 1849 4652 ,
1893 4578 2169 4640 meditari
2199 4596 2337 4658 pos-

792 4666 913 4728 sint
938 4671 1657 4734 attentius.'1unoceutius
1690 4674 1802 4734 Ill.
1844 4673 1951 4734 lib.
1986 4678 2045 4733 2.
2081 4674 2329 4754 Myster.

789 4760 1009 4824 Missae
1033 4785 1162 4844 cap.
1208 4771 1304 4827 54.
1328 4767 1652 4849 mysticam
1683 4767 1858 4828 affert
1896 4768 2078 4849 hujus
2111 4764 2335 4826 silentii

792 4856 1137 4932 rationem,
1172 4861 1377 4921 Jesum
1411 4861 1633 4956 scilicet
1675 4861 2005 4924 videndum
2047 4880 2173 4922 sese
2215 4861 2338 4920 Ju-

791 4949 956 5013 daeis
1000 4973 1120 5014 non
1172 4955 1554 5034 praebuisse,
1601 4977 1738 5018 cum
1790 4957 2088 5039 agitarent
2130 4954 2338 5017 animo

792 5064 931 5106 eum
963 5047 1329 5122 interficere;
1361 5058 1428 5110 ut
1448 5037 1645 5112 tradit
1662 5054 1834 5113 Joan.
1870 5071 1998 5131 cap.
2036 5054 2130 5111 11.
2163 5058 2220 5111 et
2253 5049 2341 5109 id—

795 5138 953 5204 circo
977 5129 1266 5200 silentium
1293 5140 1612 5205 Sacerdotis
1650 5146 1957 5218 latibulum
2002 5141 2222 5204 Christi
2247 5145 2340 5202 si-

795 5234 1113 5314 qnificarw.
1149 5243 1209 5296 et
1242 5235 1350 5297 lib.
1384 5242 1440 5298 3.
1478 5257 1608 5319 cap.
1649 5243 1702 5298 1.
1736 5238 2112 5311 considerat,
2150 5236 2341 5299 Chri-

796 5333 955 5402 stum
982 5347 1121 5388 cum
1146 5326 1364 5407 palmis
1387 5338 1448 5391 et
1474 5331 2005 5393 acclamationibus
2025 5338 2341 5411 exceptum

796 5436 834 5479 a
867 5420 1059 5482 turbis
1078 5466 1095 5494 ,
1121 5420 1228 5501 qui
1269 5425 1454 5496 abiit,
1485 5437 1535 5485 ct
1572 5433 1628 5485 s‘e
1657 5421 2032 5490 absconditab
2057 5426 2135 5485 cis
2161 5454 2193 5495 ,·
2221 5442 2342 5486 non

2438 809 2657 872 Christi
2665 814 2779 872 'hoc
2804 815 3094 877 sitentium
3117 824 3516 892 repraesentat,
3549 814 3613 871 in
3637 833 3748 891 quo
3767 831 3978 873 cessan-

2436 917 2486 965 te
2511 909 2801 966 verborum
2835 908 3107 977 tumultu,
3131 908 3250 967 sola
3278 908 3556 985 diripitur
3575 909 3651 968 ad
3673 907 3853 967 Deum
3881 906 3976 966 in-

2438 1010 2590 1060 tenta
2620 1001 2852 1060 devotio.
2926 1030 2930 1043 ·
3719 1024 3726 1031 ·

2465 1128 2468 1137 ·
2560 1097 2653 1153 17.
2701 1093 2877 1168 Quod
2921 1112 3066 1154 vero
3095 1093 3173 1155 ad
3218 1092 3369 1154 illud
3398 1093 3652 1167 attinet,
3683 1113 3831 1155 num
3852 1092 3979 1156 8Ιί-
4019 1096 4066 1136 ¹·
4130 1092 4320 1135 ⁰²³⁰·-

2438 1188 2683 1267 quando
2703 1196 2825 1250 tota
2849 1188 3030 1251 Missa
3050 1186 3208 1257 elata
3232 1208 3375 1249 voce
3392 1176 3695 1262 recitetur,
3717 1187 3822 1249 id
3806 1208 3869 1248 ιιι
3891 1194 3982 1248 so-
4017 1155 4117 1252 2⁸:2⁶
4107 1154 4320 1264 ..ᾮ

2441 1282 2499 1344 la
2549 1282 2948 1349 sacerdotum
2984 1282 3364 1345 ordinatione
3420 1302 3582 1343 nunc
3631 1274 3982 1362 usurpatur-2
4026 1262 4323 1368 {⁰⁹3⁹ssss

2442 1377 2573 1436 Non
2599 1377 2763 1436 enim
2782 1376 3117 1438 Ordinandi
3150 1385 3271 1438 tam
3293 1396 3489 1456 prope
3510 1375 3702 1437 altare
3725 1384 3889 1448 sunt,
3913 1383 3982 1437 ut
4019 1390 4058 1425 ¹·
4070 1396 4166 1423 *τοῦ
4183 1385 4323 1422 ‘⁰¹⁸¹’

2440 1469 2609 1541 olim,
2641 1489 2778 1530 cum
2809 1478 2929 1531 tam
2959 1470 3287 1551 Episcopus
3311 1471 3637 1543 Ordinans,
3665 1490 3851 1551 quam
3875 1469 3985 1532 Or»
4023 1444 4193 1540 ἔξω
4242 1449 4323 1478 ‘⁰'

2439 1562 2687 1632 dinand'i
2714 1565 2995 1625 manibus
3016 1564 3257 1625 Missale
3280 1573 3544 1643 tenentes
3570 1564 3874 1625 submissa
3886 1582 3991 1624 vo-

2438 1676 2505 1718 ce
2523 1657 2789 1719 Secretas
2806 1642 3308 1738 pronunciabant.
3331 1660 3503 1719 Nunc
3516 1658 3852 1719 Ordinandi
3874 1658 3988 1719 cir-

2437 1770 2508 1812 ca
2534 1752 2739 1813 Altare
2767 1751 2831 1812 in
2861 1771 3058 1834 genua
3087 1752 3387 1833 provoluti
3430 1752 3879 1832 disponuntur,
3926 1759 3988 1814 et

2437 1846 2788 1927 Episcopus,
2816 1848 2990 1926 quasi
3024 1867 3126 1909 eos
3156 1847 3363 1908 doceat
3385 1846 3631 1908 Missam
3653 1846 3982 1923 oelebrare,

2441 1936 2599 2000 lente
2625 1958 2693 2001 ac
2719 1939 3058 2019 paullulum
3081 1939 3240 2001 elata
3269 1959 3428 2001 vocer
3444 1939 3711 2001 Secretas
3731 1938 3982 2021 profert,

2438 2051 2561 2093 non
2590 2052 2690 2094 eas
2724 2041 2794 2094 ut
2821 2033 3086 2114 Populus
3120 2026 3372 2107 audiat,
3410 2034 3512 2093 sed
3544 2042 3611 2094 ut
3644 2034 3990 2107 Sacerdotes

2438 2126 2761 2187 noxissime
2789 2126 3009 2187 initiati
3037 2148 3176 2188 cum
3206 2147 3278 2188 eo
3305 2128 3531 2209 possint
3556 2147 3657 2190 eas
3690 2127 3988 2202 recitare,

2442 2228 2502 2282 et
2527 2221 2714 2297 verba
2736 2222 3210 2283 Consecrationis
3238 2242 3360 2282 uno
3392 2218 3721 2302 eo'demque
3759 2231 3990 2302 tempo-

2443 2334 2510 2376 re
2537 2336 2674 2376 cum
2717 2316 3010 2396 Episcopo
3043 2315 3489 2396 pronunciare:
3532 2317 3609 2378 a'd
3645 2317 3990 2398 exemplum

2443 2409 2688 2483 Christi,
2720 2411 2824 2489 qui
2855 2429 3019 2484 voce,
3050 2431 3208 2493 quae
3234 2412 3328 2472 ab
3343 2410 3639 2490 Apostolis
3664 2410 3881 2473 audiri
3894 2429 3994 2491 po-

2445 2504 2592 2576 tuit,
2625 2504 2686 2564 in
2725 2502 2936 2565 ultima
2959 2524 3144 2577 coena
3171 2524 3387 2585 panem
3415 2516 3474 2566 et
3517 2506 3728 2566 vinum
3770 2514 3992 2566 conse*

2444 2598 2666 2670 cravit‚
2698 2608 2765 2660 ut
2789 2618 2920 2672 eos,
2956 2619 3108 2680 quos
3131 2598 3284 2660 tunc
3314 2600 3653 2661 Sacerdotio
3684 2599 3986 2675 initiabat,

2446 2693 2683 2753 doceret
2707 2694 3088 2754 consecrandi
3121 2695 3387 2766 modum,
3426 2694 3884 2775 legitimumque
3905 2693 3993 2755 ri-

2448 2795 2576 2848 tum
2611 2787 2687 2848 ad
2719 2788 3291 2858 consummationem
3328 2807 3526 2869 ⁴usque
3549 2788 3768 2850 saeculi
3809 2789 3993 2850 dura-

2448 2889 2675 2942 turum.
3711 2953 3722 2969 ·

2569 2979 2661 3035 18.
2690 2976 2993 3038 Postremo
3027 2975 3158 3037 loco
3182 2976 3519 3056 quaeritur,
3557 2996 3705 3037 num
3731 2983 3864 3057 post
3883 2976 3991 3059 Sy-

2445 3069 2673 3130 nodum
2700 3071 3114 3133 Tridentinam
3136 3071 3402 3139 extiterit
3424 3070 3667 3151 aliquis,
3689 3070 3794 3150 qui
3816 3090 3991 3132 usum

2445 3165 2743 3226 studuerit
2770 3156 3149 3228 introducere
3171 3166 3290 3228 alta
3316 3185 3482 3238 voce,
3512 3185 3669 3245 quae
3696 3167 3776 3227 ab
3802 3165 3995 3227 omni·

2445 3258 2560 3319 bus
2589 3258 2903 3332 audiatur,
2939 3259 3225 3321 recitandi
3259 3259 3546 3336 Secretas,
3579 3259 3905 3331 Canonem,
3935 3266 3998 3321 et

2446 3351 3128 3436 consecrationis'verba
3154 3399 3170 3426 ,
3214 3362 3272 3414 et
3316 3353 3466 3434 quis·
3496 3353 3639 3415 huic
3677 3352 3996 3414 temerario

2447 3465 2593 3508 auso
2621 3447 2923 3508 restiterit.
2957 3447 3216 3519 Primus,
3245 3448 3351 3527 qui
3382 3447 3845 3522 protestantium
3875 3467 3996 3508 no-

2448 3540 2611 3611 mine
2643 3540 3010 3603 Catholicam
3057 3561 3128 3603 ea
3175 3540 3238 3601 in
3281 3562 3350 3601 re
3387 3542 3736 3603 obtrectarit
3782 3542 3998 3604 Eccle-

2447 3634 2630 3708 siam,
2664 3642 2752 3696 est
2782 3635 2993 3696 Petrus
3021 3634 3254 3720 Suavis..
3288 3635 3640 3708 Contendit,
3672 3655 3873 3696 secum
3903 3635 3997 3716 ip-

2447 3748 2575 3790 sam
2611 3748 2880 3811 pugnare
2909 3728 2969 3790 S.
3002 3728 3335 3810 Synodum.
3369 3730 3457 3790 Ea
3496 3729 3661 3790 enim
3688 3729 3856 3790 docet
3882 3775 3898 3802 ,
3931 3730 3994 3790 in

2448 3823 2631 3884 Missa
2659 3823 2847 3884 multa
2875 3823 3193 3896 contineri,
3224 3841 3381 3902 quae
3406 3823 3483 3884 ad
3510 3823 3872 3884 erudiendos
3894 3822 3997 3884 Fi-

2447 3917 2610 3980 deles
2636 3917 2957 3998 pertinent,
2986 3917 3361 3997 proindeque
3375 3917 3913 3998 jubet,-Parochos
3933 3917 3998 3979 in

2449 4011 2634 4073 Missa
2658 4010 2991 4073 Parochiali
3017 4031 3227 4073 eorum
3251 4010 3463 4092 aliqua
3483 4011 3713 4092 Populo
3740 4010 4001 4091 explica·

2447 4125 2514 4166 re
2539 4151 2555 4179 ,
2586 4125 2744 4186 quae
2773 4097 3057 4186 leguntur
3090 4105 3154 4166 in
3185 4105 3364 4167 Missa
3392 4151 3408 4179 ,
3456 4106 3810 4186 praesertim
3854 4121 3999 4166 vero

2446 4202 2692 4282 aliquod
2722 4200 3077 4262 sanctissimi
3101 4200 3284 4281 hujus
3305 4199 3593 4260 Sacrificii
3619 4199 3994 4282 mysterium:

2447 4297 2596 4358 haec
2620 4314 2765 4356 vero
2791 4294 2995 4356 omnia
3026 4314 3146 4354 non
3169 4295 3342 4354 bene
3370 4294 3706 4354 consentire
3737 4294 3820 4355 ait
3860 4312 3999 4354 cum

2449 4391 2638 4452 latina
2667 4389 2875 4470 lingua
2895 4383 2919 4460 ’,
2951 4389 3121 4469 cujus
3161 4386 3426 4467 Populus
3452 4396 3542 4474 est
3585 4388 3900 4469 imperitus
3940 4393 4002 4447 et

2448 4502 2585 4544 cum
2608 4481 2846 4543 secretis
2868 4480 3284 4553 Orationibus,
3308 4499 3462 4559 quas
3483 4499 3560 4541 ne
3581 4493 3730 4542 aure
3752 4480 4000 4560 quidem

2446 4576 2722 4659 percipit.

2572 4675 2666 4730 19.
2717 4669 2890 4730 Hanc
2924 4685 3107 4748 porro
3135 4666 3349 4729 Suavis
3378 4678 3734 4730 venenatam
3773 4687 4001 4740 censu-
4041 4686 4158 4728 rm·-
4191 4685 4275 4728 sun
4253 4684 4342 4730 nvi·

2451 4783 2612 4836 ram,
2655 4764 2826 4843 quasi
2863 4783 2983 4823 non
3017 4762 3159 4824 satis
3196 4763 3462 4823 dilucide
3485 4763 3563 4824 ab
3589 4783 3660 4824 eo
3693 4763 3770 4824 sit
3796 4782 3994 4843 expo-
4037 4744 4343 4844 ξζυξηωζζᾞ

2451 4858 2598 4930 sita,
2651 4868 2861 4918 rursus
2904 4855 3165 4918 inculcat
3207 4856 3511 4939 Courayer
3552 4865 3714 4936 totns,
3750 4863 3808 4917 2.
3841 4858 4021 4919 Hist.
4045 4872 4180 4903 “²¹⁸⁶-

2450 4949 2626 5013 Conc.
2673 4952 2940 5012 Trident.
3003 4970 3137 5031 pag.
3196 4956 3332 5011 328.
3388 4949 3616 5013 Verum
3658 4951 4003 5014 Cardinalis

2454 5046 2879 5116 Pallavicinus,
2911 5053 2969 5104 et
2996 5044 3597 5132 Natalis-Alexander
3630 5047 3864 5108 dissert.
3902 5050 4006 5106 12.

2453 5140 2610 5202 Hist.
2663 5139 2820 5204 Eccl.
2875 5136 3095 5198 saeculi
3149 5142 3244 5198 15.
3297 5146 3356 5200 et
3390 5145 3494 5199 16.
3538 5149 3654 5201 art.
3717 5146 3809 5206 12.
3868 5138 4012 5201 satis

2453 5234 2867 5304 ostenderunt,
2900 5249 3081 5312 quam
3100 5232 3260 5293 hene
3277 5249 3475 5294 secum
3495 5235 3860 5313 conveniant
3884 5234 4014 5296 Tri-

2455 5329 2626 5390 dent.·
2646 5327 2872 5390 Concil.
2906 5328 3175 5388 Decreta.
3212 5328 3361 5389 Nam
3388 5329 3688 5391 et‘Latine
3717 5329 3898 5393 Missa
3922 5349 4013 5391 ce-

2469 5422 2759 5499 lebranda
2783 5431 2874 5484 est
2897 5468 2914 5497 ,
2931 5433 3004 5484 et
3025 5423 3296 5485 Secretae
3321 5423 3401 5484 ob
3423 5415 3697 5486 rationes
3725 5425 4009 5487 adductas

4032 2969 4177 3014 rtur-u·
4231 2968 4332 3015 No-

4036 3035 4219 3071 uiorum
4250 3043 4329 3072 eo-

4035 3094 4153 3128 ιιιιιιι
4169 3086 4220 3128 td
4243 3086 4329 3129 tol·

4033 3142 4201 3186 lendum
4228 3156 4334 3188 αιιιι

4035 3205 4195 3246 Ruun-
