4487 6316
1824 497 2028 550 ΔΡΡΙΝ
2037 495 2156 549 mx
2188 495 2322 550 XXI.

494 667 658 796 Jam
687 741 900 796 cuncta
928 749 1436 814 congesseramus,
1468 753 1627 815 quae
1658 734 1734 795 ad
1764 733 2033 820 celebra-

494 825 722 890 tionem
745 829 963 890 Missae
982 827 1266 899 sedendo,
1296 829 1477 889 etiam
1501 828 1783 900 Canonis,
1808 836 1868 889 et
1889 827 2039 888 Con-

493 921 845 983 secrationis
871 930 1160 1001 tempore,
1186 930 1451 1001 spectare
1477 923 1863 995 videbantur,
1884 923 2036 1003 jam-

497 1023 633 1095 que
651 1015 726 1076 iis
747 1061 765 1089 ,
825 1035 1087 1096 quorum
1113 1017 1391 1095 desuper,
1418 1015 1736 1077 consilium
1768 1015 2030 1095 oppetie-

496 1110 734 1183 bamus,
764 1118 940 1171 erant
967 1109 1257 1171 mittenda
1275 1108 1309 1181 ,‘
1337 1130 1474 1171 cum
1505 1110 1792 1172 Altissimi
1825 1108 2035 1192 Provi-

493 1203 699 1265 dentia
727 1222 884 1266 nova
915 1222 1026 1264 nos
1050 1200 1403 1264 infirmitate
1429 1203 1685 1283 probare
1710 1211 1798 1292 est
1829 1202 2047 1284 digna-f

495 1305 578 1370 ta,
610 1297 690 1358 ad
723 1316 853 1359 rem
883 1298 1108 1377 itaque,
1139 1304 1201 1358 et
1250 1298 1327 1358 ad
1385 1297 1770 1359 formandum
1800 1297 2037 1377 plenius

489 1392 790 1474 judicium
818 1392 947 1453 sore
975 1392 1381 1473 judicavimus
1404 1438 1421 1466 ,
1450 1393 1500 1453 s'i
1527 1412 1685 1473 quae
1712 1392 1899 1469 Nobis
1935 1411 2034 1453 ac-

495 1486 793 1559 ciderunt,
829 1487 1359 1567 subjungeremus.
1764 1547 1767 1550 .

611 1579 752 1641 Dies
782 1588 920 1641 erat
952 1584 1044 1640 14.
1078 1581 1301 1641 Mensis
1329 1579 1637 1654 Octobris,
1688 1599 1826 1642 cum
1854 1578 2034 1642 vehe-

497 1692 667 1735 mens
692 1674 812 1734 Nos
840 1693 1117 1753 aggressa
1143 1681 1234 1735 est
1258 1674 1508 1756 dysuria
1535 1674 1599 1735 in
1628 1674 1879 1735 mixtam
1903 1692 2036 1734 san-

498 1767 685 1849 guine
736 1767 1188 1830 distillationem
1262 1769 1630 1850 degenerans
1661 1790 1679 1840 ;
1736 1768 2035 1829 Medicum

492 1879 566 1922 ea
585 1880 683 1921 res
708 1861 968 1921 multum
998 1880 1117 1923 non
1152 1861 1341 1923 movit
1366 1862 1633 1941 quidem,
1664 1861 1850 1922 Nobis
1892 1880 2036 1922 vero

496 1954 679 2016 timor
706 1955 926 2017 exinde
953 1956 1312 2036 proveniens
1339 1956 1568 2018 febrem
1594 1956 1883 2018 attraxit:
1938 1955 2035 2018 cui

490 2048 735 2109 obviam
790 2049 938 2109 itum
986 2048 1423 2129 phlebotomia,
1479 2060 1541 2112 et
1563 2050 1801 2112 corticis
1848 2050 2034 2111 Peru-

491 2141 657 2202 viani
687 2144 1032 2222 sumptione
1057 2165 1073 2218 ;
1121 2164 1317 2224 neque
1342 2145 1645 2206 exciderat
1691 2144 1878 2205 Nobis
1909 2152 2036 2205 tum

493 2229 697 2317 gravis
724 2246 926 2298 nostra
956 2235 1249 2310 senectus,
1273 2247 1333 2299 et
1358 2238 1509 2299 illud
1539 2238 1759 2300 Psalmi
1780 2243 1878 2298 89.
1903 2237 2036 2298 Dies

491 2350 773 2392 numm
801 2342 1122 2391 nostrorum
1152 2335 1215 2391 in
1235 2335 1371 2412 ipsis
1388 2335 1745 2412 septuaqt'nto
1771 2334 1934 2393 anni.
1964 2329 2038 2391 Si

491 2436 680 2486 autem
700 2427 764 2484 in
785 2428 1187 2505 potentatibus,
1218 2430 1499 2505 octoqinta
1527 2429 1691 2497 anni,
1718 2427 2035 2504 etamplius

494 2538 688 2580 sorum
713 2521 890 2592 labor,
922 2530 973 2579 et
993 2521 1174 2584 dolor.
1214 2521 1350 2595 Quo
1380 2521 1692 2594 innuitur.-
1716 2521 1830 2580 dies
1855 2538 2035 2580 anno-

493 2633 625 2673 rum
646 2625 968 2674 nostrorum
996 2616 1061 2673 in
1083 2616 1226 2694 ipsis
1238 2609 1599 2696 septuayinta'
1621 2617 1812 2684 annis,
1844 2615 1906 2673 id
1930 2623 2030 2684 est,

491 2719 706 2787 tompus
743 2710 892 2768 vitae
928 2719 1150 2769 nostrae
1176 2712 1241 2769 in
1260 2712 1439 2789 scipsa
1461 2712 1803 2779 conclusum,
1829 2720 1880 2768 et
1907 2709 2037 2788 defi-

490 2802 701 2876 nilum,
724 2820 841 2866 non
869 2802 1170 2861 trascendit
1189 2803 1349 2862 ultra
1371 2805 1726 2882 septuaqinta
1747 2822 1946 2871 annos,
1969 2801 2033 2861 in

489 2893 934 2954 robustioribus
975 2904 1178 2955 autem
1205 2894 1281 2955 ad
1308 2895 1652 2976 octuaginta
1698 2913 1890 2973 annos
1923 2914 2030 2954 ex-

490 2985 725 3066 surgit:
755 2996 807 3045 ot
845 2987 911 3045 in
938 2988 1342 3047 robustioribus
1380 3008 1554 3082 usquc
1592 2989 1669 3047 ad
1700 2990 1983 3065 octaqinta
2011 3030 2027 3046 .

492 3079 671 3152 Quod
704 3098 848 3140 vero
875 3079 1175 3161 octoginta
1202 3099 1392 3141 annos
1413 3081 1665 3153 excedit,
1710 3080 2031 3142 infirmita-

489 3174 649 3236 tibus
676 3173 922 3253 plenum
968 3183 1077 3248 est,
1129 3182 1187 3235 et
1233 3175 1545 3236 doloribus
1566 3222 1584 3249 ,
1635 3183 1815 3256 prout
1846 3175 2033 3237 Nobis

479 3267 790 3348 ‚contingit
815 3288 830 3326 ε
862 3280 911 3328 et
935 3270 987 3327 si
1015 3270 1155 3346 quid
1173 3271 1334 3330 ultra
1361 3272 1491 3339 erit,
1518 3273 1625 3330 erit
1651 3272 1828 3341 labor,
1861 3282 1911 3332 ct
1933 3273 2033 3331 do-

487 3364 604 3432 tor,
635 3371 789 3422 aetas
828 3362 1079 3422 videlicet
1114 3364 1347 3443 infima
1374 3411 1388 3433 ,
1436 3374 1486 3424 et
1513 3367 1691 3425 variis
1727 3367 1895 3426 malis
1920 3414 1936 3436 ,
1978 3376 2031 3425 ct

483 3456 770 3515 aerumnis
788 3456 1069 3515 obnoxia:
1105 3455 1306 3517 Verba
1327 3464 1469 3517 sunt
1503 3457 1882 3519 Venerabilis
1903 3458 2033 3520 Bel-

486 3548 730 3611 larmini
757 3549 820 3609 in
847 3549 1125 3611 eumdem
1147 3550 1451 3611 Psalmum
1476 3594 1491 3610 .

605 3642 722 3705 Sed
764 3643 1188 3705 resumendum
1213 3645 1580 3707 narrationis
1609 3644 1819 3706 filum:
1851 3648 2031 3711 urina

485 3735 748 3799 naturali
768 3735 953 3798 colori
968 3737 1264 3815 restituta,
1285 3738 1596 3821 sanguinis
1613 3741 2028 3821 apparentiam

484 3849 727 3892 omnem
766 3829 1033 3891 excludit
1055 3873 1072 3891 .
1126 3832 1365 3911 Nosque
1421 3840 1543 3894 tam
1590 3836 1792 3914 quoad
1817 3835 2029 3916 capitis

485 3922 888 3995 vivacitatem,
911 3941 1097 4001 quam
1118 3925 1319 4003 quoad
1346 3924 1661 4009 laborandi
1685 3927 2026 3989 facultatem

482 4016 741 4079 restituti
769 4036 977 4077 sumus
1006 4016 1070 4077 in
1105 4036 1244 4079 eum
1277 4027 1523 4093 statum,
1575 4040 1699 4101 quo
1742 4032 1884 4085 ante
1910 4023 2026 4084 im-

480 4117 687 4190 petum
715 4108 908 4179 morbi
936 4102 1305 4189 praedictum
1327 4111 1701 4194 fruebamur,
1746 4135 1935 4176 unum
1974 4117 2024 4178 si

483 4202 768 4283 excipias,
799 4202 1205 4265 necessitatem
1226 4205 1517 4269 nimirum
1528 4207 1882 4275 extrahendi
1906 4211 2028 4272 uri-

3384 497 3486 548 381

2134 641 2330 720 jorem
2404 636 2502 699 die
2555 639 2846 700 XXVIII.
2908 639 3218 719 Octobris⁴
3273 640 3670 703 MDCCLvu..

2141 732 2532 794 pontificatus
2560 733 2761 794 Nostri
2787 733 2967 794 Anno
2996 733 3244 796 Decimo
3266 742 3476 796 octavo
3503 778 3520 794 .

2137 865 2342 982 Haec
2369 921 2574 982 omnia
2603 941 2678 982 ex
2695 920 2994 1000 Operibus
3024 922 3322 985 Benedicti
3373 924 3539 984 XIV.
3574 944 3679 985 ex·

2140 1021 2342 1092 cerpta
2361 1013 2646 1075 duximus
2670 1014 2963 1076 addenda.
3017 1015 3210 1078 Multo
3232 1016 3513 1097 equidem
3544 1016 3679 1097 plu-

2140 1124 2210 1165 ra
2240 1105 2623 1180 hicinserere
2649 1107 3065 1187 potuissemus,
3091 1128 3248 1187 quae
3271 1110 3470 1180 varios
3499 1110 3680 1192 huju-

2139 1219 2235 1261 sce
2257 1201 2569 1262 Tractatus
2595 1201 2883 1263 articulos
2914 1203 3138 1263 mirum
3179 1204 3242 1263 in
3272 1204 3517 1266 modum
3545 1205 3683 1266 illu-

2142 1302 2367 1366 strant,
2415 1304 2541 1357 tum
2584 1315 2657 1356 ex
2687 1296 2930 1376 Synodo
2975 1297 3336 1358 Dioecoeana
3361 1343 3380 1370 ,
3430 1306 3553 1364 tum
3604 1317 3682 1361 ex

2144 1388 2652 1462 Institutionibus,
2683 1398 2808 1450 tum
2834 1390 3096 1469 denique
3113 1411 3191 1452 ex
3214 1391 3461 1470 caeteris
3484 1391 3681 1458 omni-

2141 1482 2260 1543 bus
2300 1483 2605 1544 Pontificis
2631 1484 2915 1565 ejusdem
2945 1477 3276 1564 Operibus.
3326 1486 3553 1546 Verum
3607 1505 3684 1548 ne

2140 1577 2441 1654 continuis
2466 1577 2901 1659 adjectionibus
2940 1580 3215 1644 Lectores
3244 1578 3637 1661 defatigemus
3659 1625 3680 1653 ,

2141 1671 2490 1752 praesertim
2540 1671 2686 1750 quia
2729 1672 2938 1733 eadem
2965 1672 3164 1752 Opera
3211 1672 3428 1736 nostris
3473 1675 3679 1737 subse-

2140 1773 2395 1846 quenter
2416 1764 2638 1845 praelis
2664 1765 2934 1827 cudenda
2951 1766 3093 1840 sint,
3117 1768 3370 1848 gradum
3398 1768 3498 1830 hic
3522 1769 3680 1832 sisti-

2143 1878 2279 1919 mus
2302 1902 2319 1918 .
2359 1855 2658 1932 Quoniam
2691 1867 2892 1920 autem
2926 1857 2993 1920 in
3021 1869 3225 1922 nostra
3272 1862 3348 1923 ad
3373 1863 3682 1923 Lectorem

2142 1953 2431 2033 Epistola,
2460 1951 2516 2013 ei
2551 1952 2955 2031 promisimus,
2985 1952 3288 2033 plerisque
3305 1975 3415 2016 nos
3436 1955 3494 2015 S.
3523 1955 3678 2016 Con-

2144 2048 2508 2130 gregationis
2561 2048 2809 2110 Rituum
2863 2048 3127 2109 Decretis
3144 2096 3160 2118 ,
3210 2049 3289 2110 ad
3335 2051 3681 2112 Tractatum

2142 2142 2306 2203 hunc
2350 2144 2414 2202 de
2462 2141 2760 2230 Sacrificio
2786 2141 3002 2202 Missae
3031 2141 3520 2221 «pertinentibuS,
3550 2143 3679 2205 edi-

2143 2237 2368 2297 tionem
2413 2236 2569 2297 hanc
2612 2244 2879 2297 nostram
2933 2235 3424 2314 locupletaturos,
3467 2258 3538 2299 ea
3577 2238 3681 2310 hic

2142 2330 2514 2414 adnectimus
2538 2375 2558 2401 ,
2586 2337 2654 2390 ut
2674 2330 2891 2409 cuique
2909 2336 3130 2407 pateat,
3153 2338 3380 2409 quanta
3408 2349 3515 2391 nos
3535 2350 3682 2408 cura

2139 2424 2563 2487 communibus
2583 2423 2744 2485 votis
2756 2422 3156 2502 adimplendis
3181 2443 3426 2505 operam
3446 2424 3679 2488 demus.

2731 2609 3095 2671 escuem

2596 2795 2867 2857 SAcaAE
2909 2796 3214 2858 mrumu

2548 2983 3223 3045 CONGREGATtole
3244 3028 3262 3043 .

2524 3170 2754 3253 Nous
2796 3171 3285 3232 unosrnA‘rA

2196 3320 2199 3325 ’
2243 3310 2352 3419 in
2379 3357 2847 3419 TRACTATUM
2889 3358 2993 3419 DE
3034 3357 3585 3421 SAcnosANc'ro

2546 3544 2798 3607 mssffi
2839 3544 3275 3608 SAcmmclo

2621 3730 3145 3793 PERTINENTIA
3171 3775 3190 3789 .

2139 3925 2192 3982 1.
2237 3867 2658 3985 Consuetudo
2714 3896 3251 3992 immemorabilis,
3321 3927 3389 3980 ut
3442 3928 3686 4000 praeter

2135 4015 2466 4077 Diaconum
2485 4021 2545 4074 et
2562 4012 3009 4095 Subdiaconum
3038 4012 3338 4074 Canonico
3360 4011 3671 4075 celebran-

2133 4108 2177 4170 ti
2206 4108 2552 4172 solemniter
2602 4100 2838 4169 assistat
2879 4126 3038 4167 unus
3085 4106 3488 4189 Cappellanus
3532 4127 3674 4181 cum

2132 4200 2436 4286 pluviali,
2465 4202 2764 4279 servanda.
2807 4210 2930 4278 est;
2974 4200 3043 4263 S.
3092 4202 3168 4264 R.
3227 4201 3294 4264 C.
3358 4209 3457 4265 10.
3494 4202 3668 4271 ,lunii

481 4315 626 4358 nam
654 4315 768 4376 ope
796 4295 1101 4377 syringae,
1128 4296 1179 4358 si
1207 4297 1369 4360 ultra
1392 4300 1544 4361 duas
1563 4299 1745 4363 boras
1764 4322 1903 4377 cum
1929 4303 2022 4365 di·-
2135 4303 2308 4360 1602.
2331 4343 2352 4372 ,
2379 4298 2561 4359 codem
2587 4298 2675 4357 dic
2698 4307 2749 4356 et
2777 4315 2952 4361 menso
2968 4344 2984 4367 ‚
3021 4300 3192 4357 1604.
3226 4300 3291 4357 in
3309 4296 3668 4369 Mantuano,

482 4389 670 4453 midia
696 4389 1112 4452 omitteremus
1132 4436 1153 4465 ,
1206 4391 1436 4474 ingenti
1463 4393 1586 4456 Nos
1609 4395 1805 4457 dolori
1831 4398 2021 4480 subji-

483 4492 674 4547 ceret.
1466 4513 1473 4521 -

2129 4398 2308 4455 0127.
2344 4391 2502 4452 Iulii
2543 4374 2716 4453 1726.
2747 4391 2824 4451 od
2865 4389 3208 4470 Episcopum
3236 4390 3566 4471 Papimem
3604 4393 3669 4451 in

2127 4488 2423 4548 audientia
2464 4483 2829 4547 Sam-tissimi
2859 4484 3054 4565 Papae
3080 4483 3372 4545 Benedicti
3397 4483 3563 4544 XIII.
3593 4486 3672 4547 ad

493 4627 503 4637 .
597 4575 747 4639 Cum
777 4575 981 4654 itaque
1005 4574 1167 4639 intra
1216 4578 1500 4657 temporis
1526 4578 1870 4663 hujusmodi
1924 4582 2018 4643 in·
2114 4582 2368 4659 primum
2400 4580 2633 4643 dubium
2662 4579 2685 4601 *
2719 4576 3125 4652 (solemnium
3139 4582 3170 4651 J
3216 4578 3289 4637 In
3317 4576 3513 4638 Missis
3537 4577 3667 4658 ,pri-

481 4668 920 4749 tercapedinem
968 4670 1278 4731 commode
1327 4671 1472 4732 satis
1513 4672 1729 4737 Missae
1778 4675 2019 4737 Sacrifi-

478 4763 643 4825 cium
669 4762 902 4824 absolvi
929 4763 1133 4843 possit,
1168 4763 1426 4845 quisque
1454 4765 1709 4847 desuper
1735 4768 1801 4829 in
1825 4771 2020 4831 consi-

482 4854 635 4923 lium
658 4865 903 4917 vocatus
927 4854 1118 4919 libere
1144 4865 1403 4920 mentem
1433 4860 1655 4939 pandet
1681 4850 1852 4924 suam
1875 4908 1892 4936 ,
1922 4865 2022 4926 de-

477 4958 684 5013 ceatne
710 4950 954 5011 Missam
990 4958 1174 5012 totam
1197 4971 1321 5013 una
1341 4973 1478 5021 cum
1499 4952 1741 5016 Canone
1760 4957 2019 5031 sedendo

475 5041 803 5115 celebrare,
836 5062 913 5104 an
941 5063 1083 5106 vero
1109 5064 1277 5107 secus
1305 5089 1320 5105 .
1355 5046 1448 5119 ld,
1473 5054 1542 5108 ut
1563 5067 1750 5129 grave
1790 5050 2016 5113 nemini

472 5134 723 5207 accidat,
749 5145 1046 5217 rogantes,
1086 5138 1145 5199 id
1168 5139 1283 5200 sibi
1315 5140 1620 5203 molestiae
1644 5145 2020 5207 sumentibus
2056 5172 2057 5175 ¹

473 5227 873 5308 Apostolicam
898 5231 1380 5296 Benedictionem
1399 5244 1780 5325 peramanter
1796 5236 2018 5319 imper-

469 5323 665 5389 timur
700 5364 716 5382 .

2128 4673 2282 4735 vatis
2303 4672 2474 4734 nulla
2507 4672 2686 4734 datur
2715 4671 3052 4733 assistentia
3080 4670 3403 4745 Canonico,
3451 4664 3554 4731 sed
3580 4690 3674 4734 ce-

2127 4767 2368 4829 lebrare
2399 4766 2577 4828 debet
2604 4765 2693 4826 uti
2731 4764 2987 4845 simplex
3040 4764 3326 4826 Sacerdos
3342 4810 3359 4838 ‚
3387 4765 3668 4827 servatis

2125 4860 2500 4923 solummodo
2549 4858 3032 4920 distinctionibus
3058 4858 3260 4938 quoad
3288 4868 3668 4938 paramento-

2126 4974 2265 5018 rum
2292 4953 2635 5035 qualitates,
2668 4960 2728 5015 et
2749 4951 2947 5014 locum
2977 4952 3255 5033 parandi.

2245 5054 2303 5109 2.
2335 5049 2486 5110 Usus
2504 5046 2688 5108 semel
2701 5046 3258 5128 introductusjuxta
3274 5044 3668 5128 regulaslibri

2126 5139 2595 5205 Coeremonialis
2622 5140 2953 5201 servandus
2991 5146 3080 5199 est
3102 5184 3119 5212 ,
3163 5147 3223 5223 et
3259 5157 3378 5218 pax
3405 5156 3542 5198 cum
3568 5155 3664 5198 os-

2124 5235 2264 5305 culo
2296 5233 2582 5297 omnibus
2615 5233 2762 5295 viris
2791 5231 3218 5301 Ecclesiasticis
3246 5231 3305 5291 in
3353 5228 3537 5292 choro
3573 5249 3667 5293 se-

2125 5329 2409 5405 dentibus
2438 5326 2635 5390 danda
2657 5319 2788 5402 est}
2821 5326 2889 5387 S.
2927 5327 3002 5388 R.
3038 5324 3108 5388 C.
3140 5331 3199 5387 8.
3225 5323 3381 5391 Iulii
3405 5328 3576 5383 1604.
3601 5327 3666 5385 in

589 5415 813 5478 Datum
835 5416 1061 5480 Romae
1082 5419 1244 5498 apud
1269 5420 1550 5485 Sanctam
1600 5424 1857 5488 Mariam
1885 5426 2016 5491 Ma·
2129 5422 2490 5486 umam:
2538 5421 2726 5497 (Usus
2769 5423 2933 5483 semel
2979 5421 3358 5493 introductus)
3409 5417 3672 5499 amplius
