4487 6316
1051 523 1155 575 388

2168 520 2479 577 DECRETA
2514 521 2736 576 sAcnAE

871 667 1167 748 generalis
1193 666 1435 744 Missam
1463 665 1767 732 celebrare
1783 712 1799 740 ,
1830 673 1889 727 et
1918 665 1981 732 in
2016 665 2231 728 diebus
2257 665 2421 726 festis
2522 666 2853 746 adimplere
2873 667 3272 750 neglexerint,
3298 669 3564 731 locorum
3586 667 3920 743 ordinarii,
3944 676 4067 731 tam

869 761 1056 840 ipsam
1085 759 1397 840 audientes
1440 761 1775 841 adimplent
1803 769 2185 841 praeceptum
2214 759 2413 821 Eccle-
2522 760 2867 822 Saeculares
2885 808 2901 836 ,
2935 781 3121 842 quam
3150 759 3485 844 Regulares
3515 782 3627 843 pro
3654 762 3833 823 modo
3857 761 4074 842 culpae

867 853 1009 915 siae.
1039 848 1108 912 S.
1145 852 1218 913 R.
1257 853 1325 915 C.
1359 860 1417 914 2.
1450 854 1578 914 Jul.
1612 860 1784 915 1661.
1825 858 1889 915 in
1916 853 2250 914 Bituntina.

985 953 1082 1007 65.
1116 947 1331 1008 Missae
1357 947 1966 1028 Sacrificiumperagi
1997 955 2186 1026 potest
2216 947 2279 1005 in
2304 965 2412 1026 pu·

870 1038 1027 1101 blico
1069 1040 1350 1101 Oratorio
1401 1048 1572 1101 extra
1622 1040 1871 1120 aliquod
1915 1039 2233 1119 Oppidum.
2265 1058 2408 1098 con-

866 1144 1119 1208 structO,
1149 1135 1225 1195 de
1256 1130 1496 1196 licentia
1523 1135 1800 1215 Episcopi
1843 1134 1906 1194 in
1939 1133 2153 1195 diebus
2192 1131 2409 1193 solem-

867 1230 1144 1291 nioribus
1192 1229 1336 1291 anni
1359 1275 1375 1301 ,
1427 1229 1636 1290 etiam*
1656 1229 2099 1290 contradicente
2140 1225 2408 1287 Parocho

867 1345 999 1415 pro*
1029 1324 1451 1386 commoditate
1501 1323 1843 1384 villicorum
1897 1320 2407 1383 circumhabitan-

865 1420 1049 1494 tium,
1100 1419 1427 1480 dummodo
1477 1417 1697 1479 habeat
1739 1416 1943 1477 omnia
1989 1413 2282 1494 requisita
2330 1413 2406 1474 ad

862 1514 1183 1598 Ecclesiam
1203 1560 1219 1586 ,
1247 1512 1340 1574 vel
1372 1512 1584 1575 saltem
1611 1511 1688 1573 ad
1723 1509 2031 1590 publicum
2054 1507 2405 1571 oratorium

861 1608 1374 1681 constituendum;
1413 1606 1481 1666 S.
1521 1595 1605 1665 R.
1639 1604 1707 1664 C.
1730 1610 1801 1665 .3.
1834 1603 1969 1684 Sep.
2007 1607 2179 1663 1661.
2210 1604 2275 1662 in
2303 1600 2403 1661 Fe-

861 1706 1099 1764 retrina.
1132 1703 1156 1726 *
1187 1699 1287 1776 (In
1334 1703 1523 1761 diebus
1566 1701 1988 1759 solemnioribus
2016 1699 2192 1765 anni,
2234 1698 2405 1756 etiam

859 1799 1266 1859 contradicente
1285 1795 1572 1869 Parae-ho)
1596 1792 1921 1854 dummodo
1951 1800 2148 1854 tamen
2178 1809 2299 1851 non
2328 1787 2405 1850 sit

857 1892 1156 1956 Ecclesiae
1203 1888 1540 1952 Parochiali
1596 1887 1961 1968 proximum.
2009 1887 2129 1946 Bro
2179 1883 2405 1945 intelli-

857 1988 1059 2070 gentia
1090 1988 1272 2068 hujus
1298 1984 1542 2047 decreti.
1569 1983 1726 2050 Vide
1752 2003 1914 2042 num.
1945 1986 2043 2042 37.
2073 2015 2076 2016 ⁷

974 2087 1088 2143 66:
1106 2071 1365 2142 Patenae
1392 2075 1725 2159 suppositio
1752 2096 1859 2157 per
1885 2073 2263 2137 Sacerdotem
2285 2079 2404 2133 cot-

857 2187 914 2239 ta
944 2177 1225 2240 indutum
1256 2175 1318 2235 iu
1343 2172 1768 2236 communione
1786 2168 2051 2252 'generali
2074 2217 2089 2238 ,
2118 2186 2279 2248 quae
2298 2185 2404 2246 per

857 2268 1190 2351 Dignitates
1222 2268 1458 2349 agitur,
1487 2265 1651 2327 licita
1677 2272 1785 2326 est.
1811 2263 1879 2324 S.
1911 2264 1986 2323 R.
2023 2260 2103 2334 ‚C.
2141 2266 2198 2322 3.
2238 2259 2397 2340 Sept.

859 2369 1033 2451 1661.
1064 2367 1128 2423 in
1152 2359 1432 2422 Andrien.
1517 2383 1522 2388 ·
2059 2345 2071 2360 “

974 2466 1072 2522 67.
1102 2455 1235 2519 Non
1268 2474 1440 2536 posse
1483 2451 1776 2515 celebrari
1813 2449 2026 2512 Missas
2062 2447 2241 2510 etiam
2293 2465 2404 2527 pro

852 2555 1172 2618 animabus
1196 2547 1536 2632 Purgatorii
1565 2567 1687 2607 una
1715 2545 1865 2606 hora
1898 2550 2030 2624 post
2060 2541 2397 2613 meridiem,

854 2657 1145 2711 statutum
1173 2645 1355 2707 suita
1386 2643 1454 2703 S.
1485 2642 1558 2702 R.
1594 2639 1662 2701 C.
1696 2644 1795 2700 24.
1828 2638 2093 2701 Not-emb.
2131 2641 2305 2697 1661.
2339 2637 2403 2695 ίιι

853 2743 1260 2823 Neapolitana.

973 2843 1071 2899 68.
1101 2835 1349 2896 Habens
1371 2828 1677 2891 indultum
1703 2820 1741 2889 a
1762 2825 1912 2887 Sede
1930 2823 2268 2905 Apostolica
2288 2822 2402 2884 eri-

854 2931 1030 3015 gendi
1060 2921 1407 2992 Orator-ium
1451 2923 1755 3005 privatum
1791 2921 1854 2981 in
1886 2917 2132 3000 propria
2174 2917 2354 2978 domo
2379 2961 2397 2990 ,

855 3027 904 3088 si
936 3020 1365 3106 quis'voluerit
1397 3019 1482 3080 ibi
1511 3016 1828 3079 aedificare
1854 3014 2045 3076 altare
2084 3012 2351 3092 ligneum
2378 3057 2396 3085 ,

857 3141 977 3185 non
1009 3117 1238 3201 indiget
1265 3114 1545 3197 facultate
1569 3108 1926 3192 Apostolica‚
1956 3106 2283 3169 dummodo
2309 3105 2399 3167 al·

857 3214 1284 3295 tare-ligneum
1310 3229 1449 3271 cum
1475 3224 1643 3281 sacro
1670 3203 1871 3284 lapide
1906 3200 2121 3281 parieti
2149 3199 2399 3280 colliga-

2521 853 3023 917 animadvertant.
3057 854 3128 915 S.
3163 857 3236 917 R.
3277 855 3345 916 C.
3383 862 3441 916 5.
3467 856 3618 934 Auq.
3655 860 3831 916 1662.
3868 859 3933 915 in
3964 854 4070 916 de-

2519 961 2666 1009 creto
2691 952 2942 1027 qenerali
2960 952 3301 1030 approbante
3325 950 3498 1010 Alex.
3536 951 3663 1010 VII.
3692 961 3743 1010 et
3778 955 3873 1012 15.
3901 951 4062 1032 Sept.

2524 1048 2695 1104 1714.
2731 1043 2780 1105 C
2785 1046 2909 1104 leon.
2942 1044 3048 1104 XI.
3085 1056 3365 1106 annuente
3396 1050 3494 1105 29.
3524 1046 3785 1122 ejusdem.
3813 1044 4064 1108 Constit-

2517 1156 2675 1218 quae
2697 1139 2930 1218 incipit:
2958 1139 3104 1199 Cum
3131 1141 3409 1201 occasione
3432 1140 3714 1201 Missalis.
3748 1140 3870 1201 Alii
3904 1140 4054 1213 dies,

2515 1231 2580 1291 in
2604 1232 2827 1311 quibus
2850 1233 3067 1293 Missae
3085 1234 3517 1295 Defunctorum
3539 1234 4062 1314 praescribuntur,

2514 1337 2656 1386 sunt
2688 1326 2753 1386 in
2774 1347 2932 1387 num.
2972 1333 3066 1388 13.
3103 1331 3198 1389 An
3227 1345 3372 1389 vero
3399 1327 3670 1389 officium
3712 1327 3937 1408 duplex
3965 1346 4066 1389 re-

2513 1420 2723 1500 spiciat
2750 1422 2920 1501 prius
2954 1422 3148 1503 ipsum
3184 1422 3585 1484 celebrantem
3626 1422 3829 1503 quoad
3857 1421 4065 1502 priva-

2514 1515 2757 1576 tamsui
2785 1515 2971 1578 officii
3015 1517 3426 1579 recitationem
3453 1563 3469 1591 ,
3501 1517 3597 1579 vel
3625 1517 3827 1597 potius
3858 1516 4066 1579 Eccle-

2511 1608 2662 1669 siam
2688 1655 2705 1683 ,
2738 1610 2799 1671 in
2834 1629 2955 1690 qua
2983 1612 3277 1685 celebret,
3308 1612 3464 1673 Vide
3488 1632 3648 1671 num.
3686 1617 3823 1673 166.

2631 1708 2728 1763 70.
2764 1703 2927 1764 Crux
2957 1724 3140 1784 parva
3171 1725 3309 1766 cum
3340 1705 3603 1786 imagine
3630 1703 3916 1768 Crucifixi
3947 1723 4058 1784 po-

2513 1795 2627 1858 sita
2656 1817 2836 1878 super
2854 1799 3300 1873 Tabernaculo,
3331 1799 3394 1859 in
3428 1817 3552 1878 quo
3581 1804 3921 1859 asservatur
3955 1797 4061 1858 SS.

2512 1891 2970 1953 Sacramentum
3019 1890 3082 1952 in
3117 1891 3328 1965 altari,
3377 1910 3502 1952 non
3529 1899 3617 1952 est
3644 1890 3951 1952 sufficiens
3997 1890 4069 1952 in

2510 1977 2697 2045 Missa
2717 2030 2733 2058 ,
2772 1985 2874 2046 sed
2898 1985 3040 2066 poni
3070 1984 3249 2046 debet
3273 1983 3395 2046 alia
3420 1984 3586 2046 Crux
3613 1981 3678 2044 in
3706 1982 3906 2045 medio
3930 2001 4070 2044 can·

2513 2077 2901 2141 delabrorum
2920 2124 2938 2152 ,
2970 2079 3038 2139 S.
3069 2078 3144 2139 R.
3176 2077 3245 2140 C.
3279 2084 3373 2139 16.
3400 2077 3576 2138 lunii
3605 2082 3779 2139 1663.
3826 2079 3893 2137 in
3920 2078 4067 2138 Ros-

2512 2182 2707 2236 sanen.
2737 2173 2761 2198 *
2787 2173 2991 2248 (Cruoe
3026 2178 3267 2253 parva.)
3312 2173 3385 2232 In
3428 2173 3746 2244 altaribus,
3780 2191 3926 2252 quae
3961 2190 4069 2251 per

2512 2268 2799 2330 Ecclesiae
2824 2269 3005 2329 erecta
3030 2278 3163 2328 sunt
3179 2315 3195 2338 ,
3226 2269 3292 2327 in
3317 2268 3519 2346 quibus
3545 2286 3774 2327 sacrum
3792 2268 3920 2348 fieri
3938 2286 4068 2327 con·

2509 2364 2687 2423 suevit
2702 2384 2726 2431 ,·
2750 2372 2978 2443 praeter
3008 2361 3277 2440 majorem
3314 2360 3597 2423 Tabulam
3617 2407 3633 2430 ,
3671 2380 3816 2440 quae
3847 2362 3934 2422 vel
3962 2361 4061 2422 de-

2510 2458 2756 2536 pictam,
2787 2457 2873 2516 vel
2898 2458 3137 2516 incisam
3163 2456 3385 2516 exbibet
3419 2456 3781 2534 immaqinem
3811 2454 4018 2517 Sancti
4040 2503 4061 2528 ,

2510 2551 2577 2609 in
2599 2550 2759 2627 eujus
2799 2569 2997 2610 nomen
3022 2560 3074 2609 et
3117 2551 3444 2610 memoriam
3470 2550 3657 2609 altare
3680 2560 4066 2611 consecratum

2511 2655 2611 2714 eet,
2641 2645 3079 2724 adjunqi-coepit
3107 2645 3231 2705 alia
3258 2645 3447 2704 minor
3472 2642 3726 2722 Tabula,
3757 2646 3823 2704 in
3839 2663 3957 2723 qua
3973 2645 4065 2705 vel

2511 2738 2789 2797 coloribus
2821 2739 3203 2816 exprimitur,
3232 2737 3318 2796 vel
3344 2756 3501 2806 acre,
3538 2737 3726 2814 liqna,
3755 2746 3861 2797 aut
3898 2748 4060 2798 mar-

2508 2851 2663 2891 more
2680 2832 2957 2891 inciditur
2977 2831 3182 2912 esfiqies
3203 2832 3440 2892 atterius
3464 2828 3691 2901 Sancti,
3716 2833 3867 2891 itaut
3891 2829 4063 2893 Cruoe

2509 2925 2843 3003 auferatur,
2877 2945 3020 3004 quae
3038 2926 3219 3003 juxta
3250 2924 3531 2985 Rubricae
3549 2968 3567 2997 ,
3618 2927 3769 2985 inter
3793 2926 4064 2987 candela—

2509 3020 2612 3079 bra
2637 3019 2903 3078 collocari
2929 3019 3113 3086 debet:
3152 3017 3299 3079 Cum
3341 3038 3469 3078 vero
3512 3021 3787 3079 neminem
3836 3020 4010 3080 lateat
4035 3064 4056 3094 ,

2504 3132 2624 3173 rem
2648 3111 2920 3174 Divinam
2967 3114 3165 3195 confici
3205 3132 3319 3173 non
3349 3127 3537 3193 posse,
3577 3114 3693 3174 ιἰίει·
3723 3111 3893 3174 Crua.⁸
3929 3132 4062 3176 cum

2508 3208 2760 3287 Imaqine
2789 3208 3153 3269 Sanctissimi
3181 3207 3469 3289 crucifixi
3493 3227 3661 3288 super
3698 3210 3879 3271 altari
3922 3228 4059 3269 eon-

856 3319 1016 3383 tum,
1054 3304 1381 3370 amovibile
1424 3321 1547 3363 non
1593 3298 1709 3372 sit,
1751 3306 1811 3360 et
1850 3294 2059 3358 altaris
2098 3293 2401 3375 portatilis
2450 3328 2456 3353 ι
2507 3304 2815 3375 stituatur3
2846 3302 2977 3362 hinc
3002 3303 3213 3362 minori
3242 3300 3490 3387 Tabulae
3514 3302 4061 3381 superadditum-vi·

844 3403 1180 3485 imaginem
1208 3418 1329 3459 non
1362 3395 1683 3478 praeferat.
1720 3390 1789 3452 S.
1831 3391 1904 3451 R.
1943 3388 2011 3451 C.
2048 3394 2104 3450 3.
2142 3389 2394 3448 Decemb.
2450 3362 2456 3469 ξ

2509 3415 2652 3475 quus
2684 3397 2820 3457 adeo
2853 3394 3213 3477 Crucifixus,
3245 3406 3310 3455 ut
3345 3414 3519 3473 neque
3550 3393 3874 3475 Presbyteri
3917 3397 4059 3457 eele-

856 3505 1044 3561 1661:
1066 3500 1130 3556 in
1153 3489 1273 3556 una
1307 3492 1547 3554 Nullius
1571 3488 1707 3548 Loci
1738 3485 2065 3564 Ciriqnolae
2094 3484 2119 3507 '¹'
2150 3483 2224 3559 (A
2238 3485 2403 3543 ltaris
2450 3482 2456 3493 ‘
2510 3491 2730 3552 bramis
2759 3491 2935 3550 oculi,
2961 3491 3129 3569 fam-13
3155 3486 3448 3581 oewffq‘,
3492 3508 3667 3568 „equo
3693 3491 3766 3551 ab
3794 3491 3916 3550 “llo
3939 3491 4062 3552 “3⁰

849 3593 1175 3680 portatilis)
1204 3586 1424 3649 erectio
1441 3631 1458 3659 ,
1481 3581 1789 3671 Episcopis
1814 3577 2172 3661 regulariter
2198 3594 2404 3640 conce-

855 3688 1020 3748 ditur
1045 3684 1159 3745 sub
1192 3678 1637 3742 conditionibus
1662 3684 1775 3753 etc.

2509 3587 2784 3664 distinqui
2811 3587 2981 3664 ferme
3007 3586 3197 3664 possit,
3222 3586 3338 3643 nisi
3364 3585 3454 3645 hic
3480 3584 3777 3661 diliqenter
3800 3600 4061 3664 perscru-

2511 3690 2691 3752 tetur,
2720 3691 2917 3741 utrum
2942 3698 3108 3759 super
3139 3679 3323 3738 altari
3360 3697 3554 3738 ret-era
3584 3677 4055 3759 Crucifixilma·

969 3762 1068 3841 69.
1100 3775 1399 3839 Omnibus
1425 3780 1485 3834 el
1510 3756 1764 3852 Singulis
1794 3764 2238 3837 sacerdotihuss,
2274 3770 2398 3826 lam
2507 3794 2577 3852 9⁰
2600 3776 2890 3855 propo-'ila
2929 3773 3125 3851 fuori!-
3157 3764 3440 3851 Equidem
3484 3792 3599 3832 ”01⁸
3641 3773 4055 3852 improbummg

853 3871 1307 3942 Saecularibus,
1338 3881 1523 3947 qlfflm.
1551 3860 1956 3944 'Rssssuhribffl
1995 3857 2259 3939 CUJUSViS
2283 3856 2399 3918 0¹·-
2449 3832 2457 3937 Ι
2510 3870 2657 3947 quod
2684 3868 2831 3927 idem
2857 3869 3043 3928 altare
3067 3869 3132 3926 in
3155 3868 3415 3948 plurium
3443 3865 3787 3927 Sanctorum
3819 3885 4051 3936 nomen,

852 3967 1014 4031 dinis
1066 3964 1249 4027 etiam
1303 3958 1636 4023 necessario
1694 3952 2112 4036 exprimendi,
2177 3951 2403 4012 directe
2509 3982 2575 4022 ac
2607 3963 2927 4022 memoriam
2953 3962 3266 4030 decidetur,
3297 3962 3512 4039 quodve
3540 3962 3604 4018 in
3634 3960 3844 4038 majori
3874 3959 4061 4020 Tabu-

856 4059 1256 4145 praecipitur,
1285 4065 1355 4117 ut
1382 4053 1593 4116 Missas
1634 4049 1899 4131 privatas
1924 4065 2038 4127 pro
2061 4045 2360 4107 defunctis
2380 4090 2399 4119 ,

854 4148 961 4219 seu
985 4154 1063 4219 'de
1092 4150 1380 4232 Requiem
1408 4148 1472 4209 in
1507 4144 1851 4225 duplicibus
1880 4139 2228 4202 nullatenus
2256 4139 2405 4201 cele·

862 4253 1043 4315 brare
1071 4247 1354 4318 audeant,
1379 4242 1473 4303 vel
1499 4245 1906 4322 praesumant:
1935 4234 2098 4315 quod
2129 4234 2179 4294 si
2206 4253 2282 4295 ex
2306 4233 2405 4296 bc-

862 4343 1234 4406 nesactorum
1273 4334 1637 4420 praescripto
1670 4332 1885 4394 Missae
1925 4327 2271 4410 hujusmodi
2306 4347 2402 4388 ee-

859 4436 1216 4508 lebrandae,
1266 4431 1537 4494 incidant
1579 4428 1642 4489 in
1688 4427 1904 4488 festum
1948 4422 2205 4509 duplex,
2242 4441 2405 4484 nunc

861 4531 1112 4597 minime
1137 4527 1578 4590 transferantur
1608 4518 1671 4582 in
1711 4519 1895 4582 aliam
1935 4516 2097 4607 diem
2126 4535 2247 4578 non
2286 4515 2402 4576 im-

858 4625 1156 4707 peditam,
1187 4642 1266 4683 ne
1291 4619 1501 4683 dilatio
1529 4615 1850 4679 animabus
1889 4610 2175 4693 suffr-agia
2217 4629 2399 4691 expe-

859 4720 1164 4782 ctantibus
1190 4716 1548 4778 detrimento
1574 4710 1684 4783 sit,
1714 4708 1816 4770 sed
1837 4705 2114 4769 dicantur
2142 4704 2230 4766 de
2251 4705 2430 4773 festo,

864 4811 1237 4884 occurrenti,
1274 4829 1412 4871 cum
1438 4803 1842 4888 applicatione
1863 4799 2187 4872 sacrificii,
2221 4800 2402 4881 juxta

866 4915 1125 4970 mentem
1167 4902 1515 4966 eorumdem
1544 4896 1999 4960 Benefactorum
2014 4939 2031 4968 ,
2068 4888 2400 4976 curentque

865 4999 1268 5065 Ecclesiarum
1297 4999 1574 5058 Rectores
1597 5038 1615 5066 ,
1644 4990 1968 5062 Sacristae,
2016 4987 2275 5068 aliique,
2325 4988 2403 5050 ad

865 5116 1019 5179 quos
1045 5100 1299 5176 spectat,
1335 5097 1405 5150 ut
1429 5084 1774 5173 hujusmodi
1811 5084 2115 5145 decretum
2144 5082 2402 5145 inviola-

869 5202 926 5254 te
949 5197 1251 5259 servetur,
1275 5192 1458 5263 atque
1483 5181 1548 5242 in
1567 5178 1848 5246 Sacristia
1868 5176 2124 5249 affixum
2151 5176 2405 5238 retinea-

2512 4058 2571 4117 la
2599 4067 2701 4116 aut
2728 4076 2876 4116 unus
2906 4067 3150 4126 tantum,
3179 4066 3281 4115 aut
3297 4058 3492 4135 plures
3518 4056 3688 4115 etiam
3710 4051 3917 4115 Sancti
3925 4056 4062 4134 pin„

2510 4160 2744 4228 qantur,
2778 4151 2863 4209 cel
2882 4150 3142 4228 denique,
3163 4149 3309 4226 quod
3335 4150 3459 4209 alia
3486 4149 3673 4207 minor
3702 4146 3922 4208 Tabula
3941 4148 4061 4208 col-

2513 4246 2719 4304 locetur
2746 4245 3013 4323 inferior,
3043 4248 3146 4303 aut
3179 4244 3296 4303 alio
3341 4260 3683 4320 quocumque
3709 4242 3872 4301 niodo
3892 4285 3910 4314 ,
3954 4242 4060 4301 ubi

2508 4357 2656 4396 unus
2672 4383 2688 4407 ,
2714 4338 2803 4397 vel
2828 4338 3016 4416 plures
3045 4334 3250 4396 Sancti
3273 4335 3526 4416 fidelium
3550 4336 3900 4395 vevwrationi
3918 4352 4058 4414 pro—

2503 4441 2813 4511 ponantur.
2848 4427 3004 4489 Illud
3025 4430 3344 4508 permittere
3374 4429 3703 4496 nullatenus
3724 4434 4018 4508 possumne
4034 4475 4052 4499 ,

2498 4525 2657 4603 -quod
2681 4523 2896 4586 Missae
2916 4523 3280 4605 Sacrificium
3304 4524 3368 4581 in
3395 4523 3482 4583 his
3508 4523 3791 4583 altaribus
3819 4524 4058 4583 celebre-

2500 4628 2609 4689 tur
2625 4664 2641 4687 ,
2679 4637 2821 4703 quae
2843 4628 3034 4677 carent
3069 4615 3321 4693 Imaqine
3346 4612 3664 4696 Crucifixi,
3696 4615 3783 4675 vel
3807 4616 3933 4694 ipsa
3958 4615 4057 4675 in-

2508 4713 2780 4774 commode
2826 4721 3116 4772 statuatur
3162 4720 3291 4769 ante
3331 4708 3729 4789 Presbyterum
3770 4706 4057 4769 celebran-

2513 4816 2652 4877 tem,
2683 4807 2874 4866 velita
2904 4806 3116 4875 tenuis,
3143 4814 3199 4863 et
3226 4805 3438 4882 exiqua
3466 4806 3576 4875 sit,
3609 4814 3677 4864 ut
3718 4805 3897 4883 ipsiu
3936 4801 4055 4864 Sa-

2509 4901 2743 4961 cerdotis
2760 4946 2775 4968 ,
2806 4910 2856 4959 et
2874 4899 3076 4979 populi
3098 4900 3408 4959 assistentis
3432 4898 3631 4958 oculos·
3635 4918 3775 4978 pene
3794 4897 4054 4979 effuqiat:

2511 4992 2733 5056 Bened.
2767 4992 2937 5055 XIV.
2973 4991 3280 5052 constitut.
3324 4996 3417 5052 17.
3450 5010 3610 5071 quae
3642 4991 3856 5074 incipit
3880 4992 4056 5053 Aeae-

2505 5090 2727 5168 pimus,
2763 5091 2858 5147 16.
2889 5074 3249 5151 lumi-146.
3283 5087 3455 5147 edita.
3487 5084 3642 5147 vide
3666 5106 3825 5146 num.
3859 5072 3985 5167 se'q.

2630 5186 2729 5242 71.
2764 5181 2835 5245 In
2866 5179 3082 5254 altari,
3111 5180 3176 5241 in
3225 5199 3350 5261 quo
3379 5180 3546 5241 adest
3595 5199 3815 5263 magna
3858 5188 4057 5245 statua

872 5299 968 5349 tur
990 5330 1008 5358 ,
1039 5283 1145 5345 ubi
1177 5275 1486 5342 commode
1511 5275 1591 5337 ab
1632 5272 1916 5336 omnibus
1955 5270 2261 5332 celebrare
2299 5290 2404 5333 vo-
2512 5272 2880 5335 Sanctissimi
2918 5272 3239 5347 Crucifixi,
3264 5292 3390 5335 -non
3418 5279 3506 5334 est
3549 5292 3815 5347 neceme,
3852 5281 3922 5336 ut
3946 5294 4057 5355 po-

872 5378 1136 5440 lentibus
1167 5370 1427 5454 conspici
1458 5378 1518 5432 et
1543 5368 1666 5451 ‘legi
1694 5365 1908 5447 possit,
1943 5363 2008 5426 in
2032 5383 2135 5427 eos
2158 5373 2360 5427 autem
2385 5411 2401 5439 ,

2520 5375 2700 5447 natur
2727 5365 2850 5428 alia
2878 5365 3043 5427 Crux
3068 5366 3214 5427 dum
3262 5364 3598 5427 celebratur
3632 5365 3834 5428 Missa.
3874 5366 3942 5428 S.
3974 5368 4050 5429 R.

876 5472 981 5554 qui
1026 5481 1232 5530 contra
1262 5466 1455 5528 facere
1485 5462 1614 5527 ausi
1648 5459 1907 5532 fuerint,
1940 5458 2034 5520 vel
2082 5458 2409 5538 praemissa
2525 5459 2593 5521 C.
2630 5466 2724 5522 16.
2757 5460 2903 5523 lun.
2938 5464 3112 5522 1663.
3151 5462 3215 5522 in
3244 5459 3546 5522 Roxanen.
3579 5460 3603 5483 ·
3633 5460 3886 5540 (Maqna
3914 5459 4061 5547 Staq
