4487 6316
163 670 331 714 solemn
337 673 412 714 iter

165 729 233 795 nb·
240 733 467 825 ⁰1³.onoe

164 799 235 841 pr·
282 789 381 885 :⁸⁸:21
355 791 468 886 151-
508 765 703 823 ordine
754 764 830 824 ad
879 763 1210 841 synodum,
1247 762 1438 824 tribus
1471 762 1832 824 sessionibus
1880 762 2048 826 illam

1666 521 1998 577 Arnum!
2034 521 2125 576 xt.
2158 520 2249 573 An
2290 523 2415 578 Lm.
2451 523 2546 578 111.

513 669 613 727 loc.
647 666 937 739 affirmat,
948 675 1027 729 et
1056 664 1405 729 Pontificale
1430 668 1765 729 Romanum
1795 669 1950 727 titul.
1981 668 2047 727 de
2155 667 2405 731 conficta
2445 669 2813 743 creduntur,
2844 668 3039 731 Gestis
3084 669 3160 731 de
3208 667 3382 751 xysti
3434 663 3687 729 Romani

421 845 730 923 ‘'absolvi
748 857 949 919 solere
981 859 1089 934 ait;
1116 859 1392 938 quamvis
1419 859 1742 938 utrobique
1762 858 2053 931 addatur,

505 955 593 1016 fas
631 974 758 1014 esse
787 953 1075 1032 Episcopo
1119 971 1229 1034 pro
1263 974 1465 1015 rerum
1517 955 1913 1035 gerendarum
1944 973 2043 1014 ra-

506 1050 666 1109 tione
679 1049 986 1129 Synnuum
1012 1046 1170 1108 ultra
1190 1050 1458 1111 triduum
1485 1047 1854 1129 protrahere.
1879 1046 2043 1122 Quid

499 1152 701 1204 autem
750 1140 1017 1224 singulis·
1036 1142 1248 1203 diebus
1274 1144 1572 1224 agendum
1613 1143 1730 1214 sit,
1768 1149 2040 1202 nostrum

499 1236 615 1296 erit
639 1235 737 1296 hic
785 1254 1105 1314 exponere.
1141 1234 1343 1297 Prima
1387 1238 1475 1296 die
1515 1235 1738 1315 Synodi
1770 1234 2042 1313 Pontiseoe

496 1341 710 1390 suumno
723 1350 883 1391 mane
902 1350 1087 1409 cappa·
1100 1331 1332 1391 indutus
1352 1333 1424 1391 ab
1441 1333 1698 1391 universo
1714 1328 1887 1406 §lero
1915 1348 2042 1389 cum

499 1426 905 1504 superpelliciis
933 1426 1230 1485 comitatus
1256 1427 1332 1485 ad
1352 1425 1663 1485 Ecclesiam
1686 1425 1903 1504 per-qil:
1933 1442 2041 1502 Ρα-

497 1530 668 1590 ratur
694 1521 758 1578 in
783 1518 903 1578 sede
930 1564 945 1587 ,
994 1518 1230 1580 celebrae
1257 1517 1500 1579 Missam
1533 1519 1598 1578 de
1625 1513 1856 1596 Spiritu
1882 1515 2039 1576 San-

496 1623 604 1685 cto,
640 1622 691 1672 et
716 1613 937 1692 praebet
970 1605 1018 1671 C
1024 1613 1136 1672 lero
1152 1632 1373 1673 sacram
1397 1610 1871 1679 communionem,
1903 1628 2040 1671 ver-

499 1704 575 1766 ba
595 1714 735 1766 sunt
758 1695 1123 1770 pontificalis
1150 1705 1402 1767 Romani
1434 1707 1533 1765 cie.
1561 1707 1661 1765 loc.
1692 1703 2040 1783 Eodemque

491 1798 614 1859 ritu
656 1807 787 1878 post
833 1799 1111 1872 ultimam
1159 1799 1477 1860 sessionem
1509 1818 1634 1861 aese
1676 1799 2038 1878 Episcopum

492 1910 529 1953 a
556 1892 730 1953 Clero
755 1893 1210 1966 associandum,
1258 1912 1393 1953 cum
1422 1887 1501 1955 ab
1535 1891 1796 1953 Ecclesia
1826 1911 1889 1952 se
1926 1891 2036 1952 do-

494 1993 663 2046 mum
700 1988 960 2066 recipit,
1020 1988 1083 2048 in
1137 1987 1344 2049 eodem
1397 1985 1731 2050 Pontificali
1783 1985 2038 2047 inferius

490 2080 941 2159 praescribitur.
959 2080 1011 2140 T
1004 2101 1113 2141 unc
1138 2101 1321 2141 omnes
1338 2083 1558 2161 pariter
1577 2085 1859 2158 surgentes
1880 2079 2035 2138 Pon-

498 2177 697 2256 tificem
726 2195 902 2255 cappa
931 2177 1194 2235 indutum
1233 2196 1360 2236 cum
1384 2173 1787 2255 superpelliciis
1812 2175 1889 2235 ad
1918 2173 2036 2233 Do-

495 2289 649 2328 mum
687 2271 981 2330 rechtcunt.
1018 2269 1133 2330 IIic
1176 2287 1358 2349 porro
1385 2267 1751 2330 Clericorum
1790 2266 2033 2347 Episco-

491 2381 636 2441 pum
648 2362 1066 2423 assocmnttum
1090 2362 1406 2423 comitatus
1430 2361 1685 2441 speciem
1706 2360 2029 2441 quamdam

491 2455 813 2534 praesefert
839 2455 1250 2535 processionis,
1278 2473 1385 2516 nec
1413 2455 1658 2527 alicubi,
1678 2465 1747 2516 ut
1775 2454 1839 2515 in
1862 2455 2035 2516 Dioe-

486 2550 601 2610 cesi
633 2549 1047 2630 Neapolitana,
1086 2550 1205 2611 alia
1230 2549 1365 2610 fieri
1399 2549 1548 2610 solet
1580 2547 1862 2610 solemnis
1888 2568 2029 2630 sup-

486 2642 728 2722 plicatio
749 2663 853 2705 seu
878 2642 1357 2722 processio,.cum
1390 2641 1560 2711 nulla
1591 2660 1797 2721 reapse
1815 2640 2031 2703 descri-

485 2744 588 2815 pta
614 2746 899 2816 appareat
924 2735 986 2795 in
1009 2736 1173 2814 Actis
1194 2735 1420 2818 S‘ynodi
1452 2735 1846 2808 Dioecesanae
1867 2755 2028 2797 anno

491 2833 664 2888 16910.
702 2828 1035 2890 celebratae
1052 2849 1087 2889 a
1108 2830 1333 2890 Jacobo
1360 2828 1664 2890 Cardinali
1694 2828 2024 2902 Cantelmo,

487 2923 683 3002 neque
706 2924 769 2983 in
803 2923 961 2984 Actis
988 2923 1238 2984 alterius
1264 2922 1490 3004 Synodi
1519 2941 1680 2984 anno
1717 2928 1887 2983 1726.
1918 2923 2025 2985 ha-

484 3017 647 3078 bitae
666 3036 704 3079 a
727 3017 1030 3078 Cardinali
1060 3017 1374 3078 Francisco
1393 3016 1724 3098 Pignatello
1745 3017 2025 3097 Neapoli-

483 3111 642 3175 tanis
670 3101 1187 3193 Arcbiepiscopis3
1221 3111 1335 3172 n‘isi
1371 3110 1524 3173 forte
1552 3112 1687 3176 ideo
1714 3132 1832 3174 non
1864 3131 2029 3192 repe-

481 3204 675 3266 riatur
699 3205 1035 3284 descripta
1018 3226 1083 3266 m
1106 3202 1267 3266 Actis
1286 3205 1712 3288 Synodalibus‚
1738 3206 1883 3286 quia
1907 3207 2028 3287 pri-

478 3299 578 3365 ‹lie
606 3299 813 3360 habita
840 3299 1066 3371 fuerit,
1100 3299 1655 3406 quemadmodum
1638 3319 1701 3359 ιιι
1725 3319 1834 3361 sua
1862 3307 2025 3362 aeta-

478 3401 543 3454 te
564 3392 696 3453 fieri
727 3392 971 3472 Neapoli
999 3392 1374 3454 consuevisse
1398 3392 1609 3453 asserit
1630 3392 1938 3467 Garantus
1964 3396 2027 3453 in

473 3506 653 3567 prox.
682 3498 839 3566 part.
871 3491 930 3546 2.
962 3505 1088 3547 sess.
1127 3490 1181 3545 1.
1213 3496 1409 3546 annm.
1452 3490 1506 3545 1.
1539 3484 1816 3547 Ceterum
1845 3487 2028 3567 quid-

483 3582 630 3662 quid
656 3581 733 3641 sit
762 3581 837 3642 de
864 3577 1165 3642 contraria
1203 3579 1633 3640 consuetudine
1682 3578 1745 3639 in
1776 3579 1901 3649 bac‘
1921 3589 2027 3642 aut

483 3675 590 3736 illa
618 3673 903 3754 peculiari
946 3670 1210 3735 Dioecesi
1259 3671 1497 3754 vigente
1519 3719 1535 3745 ,
1564 3674 1867 3751 communi
1911 3693 2035 3761 usu·

479 3775 784 3848 receptum
806 3775 915 3840 est,
946 3775 1014 3827 ut
1034 3767 1229 3847 prima
1253 3766 1479 3848 Synodi
1503 3767 1602 3853 die
1623 3768 1703 3836 ab
1733 3768 2025 3849 Episcopo

478 3870 540 3925 et
559 3863 844 3933 universo
881 3861 1056 3922 Clero
1083 3859 1323 3940 publica
1350 3859 1699 3943 instituatur
1724 3861 2024 3941 supplica-

477 3957 586 4029 tio,
615 3976 719 4016 seu
744 3953 1041 4035 processio
1061 3973 1168 4033 per
1198 3954 1416 4015 Urbem
1443 3999 1460 4027 ,
1492 3954 1655 4034 quod
1683 3954 2023 4018 faciendum

476 4050 861 4132 praescripsit
910 4048 1161 4110 Sanctus
1207 4048 1456 4114 Carolus
1498 4038 1894 4112 Borromaeus
1921 4054 2016 4112 cit.

482 4148 585 4206 loc.
612 4189 630 4218 ,
659 4152 719 4205 et
746 4134 967 4205 fa'ctum
997 4161 1034 4203 a
1059 4149 1263 4203 sancto
1310 4142 1626 4204 Francisco
1668 4143 1894 4206 Salesio
1920 4145 2016 4206 lib.

478 4245 537 4300 3.
571 4254 694 4317 cap.
735 4242 829 4297 11.
855 4256 915 4296 ιι.
946 4240 1002 4296 3.
1029 4233 1432 4296 narravimus:
1456 4254 1717 4314 quorum
1745 4237 2020 4318 exempla

475 4333 620 4396 satis
647 4348 946 4412 superque
970 4336 1111 4390 sunt
1136 4328 1212 4393 ad
1241 4327 1601 4391 firmandam
1626 4332 1920 4412 regulam,
1942 4331 2019 4394 ad

474 4448 660 4510 quam
681 4443 890 4488 omnes
908 4422 1284 4485 conformare
1307 4441 1371 4484 se
1389 4423 1664 4486 debeant.
1710 4427 2017 4506 Ejusmodi

476 4521 910 4603 processionem
937 4517 1362 4589 instituendam
1386 4525 1518 4597 post
1549 4519 1911 4583 celebratam
1936 4523 2016 4585 ab

478 4616 771 4697 Episcopo
800 4612 1043 4674 Missam
1071 4657 1088 4684 ,
1136 4619 1203 4672 ut
1227 4611 1372 4671 dum
1401 4630 1472 4672 ea
1509 4606 1848 4675 celebratur
1871 4659 1887 4686 ,
1918 4634 2017 4677 co-

473 4710 715 4771 modius
738 4706 924 4789 possit)
959 4705 1168 4769 Clerus
1211 4704 1273 4765 in
1320 4703 1580 4767 Ecclesia
1620 4709 2012 4791 congregari,

476 4805 564 4867 ait
581 4802 891 4865 Gavantus
918 4802 1017 4859 cit.
1054 4801 1186 4868 loc.,·
1206 4798 1308 4860 sed
1332 4798 1585 4867 Sanctus
1605 4800 1853 4863 Carolus
1874 4804 2017 4864 Bor-

474 4915 750 4958 romaeus
776 4894 943 4956 illam
968 4901 1111 4955 ante
1138 4892 1379 4956 Missam
1408 4895 1804 4976 peragendam
1824 4896 2013 4959 dicit.

478 4988 676 5051 Primo
703 4988 927 5069 synodi
951 4988 1042 5048 die
1065 4986 1377 5068 Episcopus
1401 4991 1741 5067 processione
1785 4992 2018 5052 ιοὶοηιιιι·

464 5068 697 5166 perucia
754 5081 969 5150 Missae
1002 5079 1382 5162 Sacrificium
1442 5083 1689 5144 celebret.
1744 5083 2017 5159 Quilibet

473 5175 674 5259 quoad
701 5173 814 5243 hoc
835 5193 978 5237 suae
1002 5174 1298 5237 Ecclesiae
1321 5176 1810 5238 consuetudinem
1830 5187 2013 5241 secte-

475 5279 577 5334 tur
605 5317 622 5344 ,
648 5268 824 5331 modo
853 5269 1033 5337 Missa
1075 5287 1197 5339 non
1220 5269 1567 5343 omittatur,
1600 5290 1782 5350 quam
1820 5271 2014 5355 Syno-

473 5364 715 5429 d'alibus
734 5363 1070 5435 actionibus
1094 5381 1329 5443 semper
1353 5364 1653 5443 praemitti
1678 5367 2018 5430 consuevis-

472 5481 536 5524 se
574 5458 672 5522 vel
708 5476 787 5520 ex
838 5456 981 5537 ipsis
1022 5455 1360 5539 colligitur,
1413 5476 1572 5539 quae
1609 5457 1859 5523 Saeculo
1898 5461 2005 5525 vl.

2152 762 2456 825 pontificis
2488 764 2861 845 purgatione,
2893 772 2955 825 et
2982 763 3319 846 Polycronii
3349 759 3692 842 Hierosoly-

2151 857 2358 917 mitani
2389 858 2660 938 Episcopi
2695 859 3108 931 accusatione,
3145 857 3249 919 ubi
3283 878 3406 937 cap.
3454 864 3513 918 8.
3558 873 3696 916 cum

2150 950 2426 1033 Synodus
2455 953 2908 1045 Hierosolymis
2915 962 3094 1025 certe,
3118 960 3294 1033 prout
3328 951 3510 1012 moris
3540 959 3693 1024 erat,

2149 1046 2472 1107 celebrata
2486 1046 2787 1126 tingitur,
2840 1047 3099 1108 dicitur:
3144 1047 3311 1106 Feria
3361 1045 3548 1125 prima
3602 1065 3689 1103 ce-

2150 1143 2391 1201 lebratae
2421 1153 2549 1200 sunt
2581 1141 2792 1201 MIssoe
2822 1162 2858 1202 a
2881 1152 3030 1202 casto
3053 1142 3371 1221 EpiscopO,
3402 1141 3503 1217 qui
3537 1139 3687 1197 dire-

2145 1243 2266 1293 ctus
2292 1235 2479 1312 fuerat
2505 1255 2540 1294 a
2565 1234 2681 1312 Xy
2671 1246 2740 1292 ιο
2771 1234 3065 1316 Episcopo,
3098 1246 3150 1294 et
3183 1233 3540 1314 Coepiscopis
3547 1232 3686 1301 suis,

2146 1329 2231 1387 vel
2261 1346 2298 1387 a
2329 1326 2558 1407 Synodo
2602 1327 2793 1408 (apud
2825 1329 3127 1390 Constant.
3164 1331 3229 1388 ἰιι
3278 1329 3570 1428 appendic.
3609 1326 3687 1387 ad

2147 1432 2279 1481 tom.
2320 1426 2372 1480 1.
2406 1425 2565 1502 qn‘st.
2598 1425 2858 1484 decretal.
2886 1427 2991 1484 col.
3030 1429 3160 1485 121.

2264 1523 2321 1577 3.
2355 1505 2566 1596 ltaque
2592 1517 2717 1578 sive
2742 1525 2913 1589 ante,
2944 1517 3070 1578 sive
3095 1521 3228 1598 post
3251 1514 3687 1596 processionem

2145 1611 2322 1674 debet
2351 1611 2675 1692 Episcopus
2704 1612 2944 1673 Missam
2976 1611 3170 1674 facere
3189 1612 3261 1672 de
3287 1610 3514 1698 Spiritu
3545 1607 3689 1671 Sau-

2144 1709 2266 1779 cto,
2293 1714 2351 1767 et
2382 1707 2689 1786 porrigere
2708 1706 2880 1767 Clero
2910 1726 3137 1768 sacram
3167 1704 3685 1778 communionem,

2143 1819 2327 1880 quam
2374 1801 2625 1881 acceptis
2655 1801 2833 1862 Stolis
2874 1801 3079 1870 rubeis
3121 1800 3303 1862 etiam
3344 1795 3686 1888 Sacerdotes

2140 1903 2408 1968 sument,
2438 1896 2542 1975 qu'i
2577 1895 2730 1964 forte
2753 1915 2824 1957 ea
2852 1895 2950 1956 die
2978 1915 3100 1955 uon
3129 1889 3582 1955 celebraverint.
3611 1893 3685 1954 In

2142 1987 2595 2050 pontificalibus
2651 1989 2826 2068 editis
2871 1996 3011 2050 ante
3054 1988 3418 2049 Clementem
3463 1987 3635 2052 VIII.
3663 2032 3681 2061 ,

2141 2081 2227 2143 uti
2259 2083 2537 2144 observat
2566 2083 2785 2163 Joseph
2814 2081 3134 2144 Catalanns
3160 2081 3222 2142 in
3256 2083 3402 2141 notis
3421 2081 3504 2142 ad
3526 2079 3683 2140 Pou-

2140 2176 2345 2256 lificale
2379 2177 2695 2236 Romanum
2744 2187 2874 2235 tom.
2908 2180 2965 2236 3.
3023 2176 3177 2235 titul.
3218 2180 3275 2235 5.
3307 2172 3372 2255 §.
3415 2178 3474 2233 2.
3522 2193 3584 2232 ιι.
3616 2178 3675 2233 5.

2136 2287 2259 2329 ιιοιι
2291 2268 2541 2349 legimus
2562 2268 2803 2330 Missam
2832 2266 3248 2330 celebrandam
3267 2309 3283 2339 ,
3309 2266 3411 2326 sed
3437 2265 3684 2327 audien·

2137 2360 2275 2423 dam
2318 2362 2396 2422 ab
2421 2362 2751 2442 Episcopo:
2782 2361 2985 2422 Prima
3029 2372 3218 2426 autem
3255 2361 3343 2419 die
3385 2357 3676 2428 concilii,

2136 2476 2232 2515 seu
2252 2454 2475 2536 Synodi
2505 2477 2662 2517 mane
2695 2459 3030 2516 conveniunt
3056 2454 3379 2517 Sacerdotes
3406 2503 3421 2525 ,
3458 2466 3510 2515 et
3541 2452 3673 2517 Cle-

2135 2551 2247 2609 rici
2272 2552 2522 2609 universi
2550 2552 2611 2609 in
2634 2549 2891 2610 Ecclesia
2915 2597 2932 2620 ,
2964 2551 3029 2608 ι·ιι
3050 2568 3165 2627 qua
3191 2549 3341 2608 debet
3366 2546 3687 2609 Concilium

2133 2664 2228 2703 seu
2258 2643 2524 2723 Syaodus
2553 2646 2842 2714 celebrari,
2872 2645 2971 2704 ubi
3000 2643 3280 2720 Pontifex.
3303 2642 3547 2704 Missam
3568 2662 3679 2702 au-

2133 2740 2264 2805 dit:
2295 2738 2397 2798 sed
2445 2737 2605 2818 quod
2665 2737 2749 2800 ita
2796 2737 2941 2797 olim
2987 2735 3158 2798 fieret
3180 2783 3196 2809 ,
3246 2755 3369 2796 non
3419 2734 3679 2798 absolvit

2132 2832 2452 2911 Episcopos
2477 2831 2555 2892 ab
2581 2830 2947 2912 obligatione
2974 2851 3080 2911 per
3099 2850 3161 2891 se
3189 2829 3344 2910 ipsos
3364 2829 3675 2891 celebran-

2132 2925 2215 2998 di,
2247 2945 2428 3005 quam
2454 2925 2575 2985 illis
2605 2926 2857 3005 imponit
2884 2943 3087 2987 recens
3115 2923 3483 2996 Pontificale,
3513 2924 3678 3004 quod

2132 3018 2355 3098 prodiit
2380 3018 2730 3080 auctoritate
2751 3017 3071 3080 Clementis
3089 3017 3259 3078 VIII.
3292 3016 3396 3077 ubi
3429 3016 3672 3097 Episco-

2131 3131 2208 3194 po
2237 3121 2298 3175 et
2324 3133 2444 3174 non
2472 3111 2645 3175 alteri
2673 3112 2892 3174 dicitur
2917 3132 2932 3173 ε
2963 3112 3224 3177 Paratur
3249 3113 3313 3171 ἰιι
3333 3111 3459 3172 sede
3486 3157 3501 3182 ,
3535 3111 3674 3172 cele-

2134 3208 2261 3268 brat
2305 3207 2548 3268 Missam
2574 3209 2639 3273 de
2681 3202 2931 3287 Spiritu⁴
2957 3205 3189 3266 Sancto.
3222 3206 3341 3266 Nec
3375 3204 3519 3266 satis
3541 3206 3630 3267 est
3654 3250 3673 3279 ,

2132 3307 2201 3360 ut
2214 3300 2542 3380 Episcopus
2561 3300 2801 3361 Missam
2828 3298 3109 3379 privatim
3132 3297 3333 3370 faciat,
3350 3296 3457 3357 'sed
3473 3297 3676 3359 omni-

2133 3413 2211 3454 no
2261 3395 2463 3467 deret,
2511 3402 2581 3455 ut
2610 3393 2861 3455 solemni
2890 3402 2950 3454 et
2994 3391 3328 3455 Pontificali
3364 3391 3487 3453 ritu
3516 3390 3671 3453 cele—

2134 3490 2286 3550 bret.
2320 3488 2627 3568 Siquidem
2653 3489 2714 3549 S.
2741 3487 2990 3549 Carolus
3015 3489 3412 3549 Borromaeus
3437 3486 3502 3547 in
3523 3485 3676 3548 Con-

2129 3583 2270 3644 cilio
2308 3582 2667 3644 Provinciali
2698 3581 3127 3647 Mediolanensi
3159 3582 3265 3642 lv.
3296 3590 3454 3662 part.
3485 3585 3544 3641 2.
3593 3583 3673 3642 ιι·-

2133 3680 2239 3738 tul.
2277 3677 2436 3761 Quae
2465 3680 2748 3757 pertinent
2776 3677 2853 3737 ad
2881 3674 3313 3736 Sanctissimum
3340 3674 3553 3749 Missae
3577 3693 3672 3737 sa·

2130 3772 2406 3853 orificium
2452 3791 2582 3850 paq.
2644 3774 2776 3829 152.
2831 3763 2958 3829 dies
3004 3786 3364 3829 enumerans
3386 3815 3401 3837 ,
3447 3766 3674 3849 quibus

2129 3864 2456 3944 Episcopus
2483 3863 2728 3924 Patr-um
2752 3863 3104 3943 monimentis
3129 3908 3146 3931 ‚
3186 3869 3237 3920 et
3263 3863 3435 3920 veteri
3450 3908 3466 3931 ,
3506 3877 3673 3939 eoque

2129 3960 2478 4039 comprobato
2504 4005 2518 4027 ,
2548 3959 2768 4016 rituum
2788 3957 3362 4033 caeremoniarumque
3383 3954 3671 4021 Romana-

2127 4073 2259 4114 rum
2288 4051 2510 4122 Codice,
2545 4051 2726 4112 Sacra
2759 4048 3045 4131 Mysteria
3074 4046 3325 4109 solemni
3355 4046 3670 4110 celebrita-

2129 4155 2226 4221 te,
2262 4155 2324 4208 et
2341 4144 2654 4217 Pontificio
2676 4151 2968 4224 apparatu
2994 4141 3279 4223 perficere
3305 4142 3513 4215 delict,
3547 4140 3669 4221 pri-

2128 4261 2288 4303 mam
2319 4258 2561 4320 quoque
2613 4238 3006 4300 Dioecesanae
3032 4235 3256 4318 Synodi
3301 4235 3462 4298 diem
3507 4235 3666 4299 inter

2126 4334 2234 4398 illa
2264 4341 2545 4395 recenset.

2243 4432 2302 4489 4.
2334 4426 2604 4488 Secunda
2634 4423 2979 4507 Synodidie
3004 4442 3133 4503 mos
3155 4431 3283 4497 est,
3319 4420 3522 4504 inquit
3545 4423 3665 4487 Ga·
3706 4447 3789 4490 rm
3843 4443 3969 4489 deam
3973 4468 3996 4480 -

2125 4529 2345 4588 vantus
2370 4524 2528 4581 citat.
2554 4538 2734 4602 praoe.
2757 4538 2891 4603 paq.
2928 4523 3071 4588 63.,
3101 4525 3171 4579 ιιι
3186 4532 3353 4578 unus
3372 4536 3448 4579 ex
3474 4517 3667 4581 Cano..
3708 4504 3804 4608 322:
3818 4505 3994 4603 ῗωὶιιιῖ

2124 4616 2274 4678 uicis
2301 4615 2544 4679 Missam
2573 4612 2918 4699 solemniter
2949 4610 3126 4673 faciat
3170 4630 3279 4691 pro
3312 4611 3873 4717 1)(’51·ιιιιιιιὶε,ωῑιὴξει
3897 4632 3992 4718 απ

2122 4711 2219 4773 cui
2259 4709 2586 4790 Episcopus
2613 4706 2870 4779 assistit,
2903 4723 3095 4785 eaque
3126 4712 3364 4785 peracta
3401 4706 3615 4769 stolam
3639 4753 3657 4782 ,
3702 4736 3928 4789 gans-mm

2123 4814 2182 4867 et
2207 4802 2473 4885 pluviale
2500 4800 2656 4883 nigri
2684 4798 2902 4862 coloris
2927 4799 3217 4873 assumit,
3254 4808 3315 4861 et
3349 4809 3661 4864 consuetas
3701 4791 3963 4889 ξεῖ..

2119 4897 2420 4960 orationes
2447 4894 2657 4971 recitat
2681 4891 2793 4973 pro
2819 4892 3165 4965 Defunctis,
3194 4902 3321 4972 post
3351 4912 3523 4974 quas,
3555 4915 3659 4957 ve·
3696 4903 3901 5006 ”Lam-2
3879 4905 3993 4947 c·-

2118 5000 2235 5053 stes
2260 4989 2464 5072 nigras
2488 4988 2553 5049 in
2585 4987 2802 5048 rubeas
2827 4993 3058 5059 mutat,
3089 4993 3151 5048 et
3181 4983 3419 5067 accepto
3453 4989 3658 5051 Pasto-

2118 5085 2231 5147 rali
2258 5083 2471 5147 baculo
2496 5081 2573 5143 ad
2590 5080 2802 5154 Sedem
2820 5079 3180 5163 Synodalem
3207 5081 3490 5145 ascendit.
3521 5083 3663 5144 Ter·

2119 5179 2203 5240 tia
2225 5178 2465 5247 demum
2495 5176 2593 5237 die
2623 5170 2782 5235 nnus
2807 5174 3035 5255 pariter
3063 5194 3139 5236 ex
3169 5174 3486 5238 Canonicis
3507 5175 3662 5239 Mis·

2117 5279 2248 5336 sani
2290 5271 2560 5333 celebrat
2594 5270 2669 5332 de
2700 5266 3403 5331 &notissima-Trinium
3425 5313 3444 5342 ,
3488 5268 3662 5333 addi-

2119 5374 2180 5429 ta
2206 5352 2456 5429 collecta
2481 5365 2544 5426 in
2589 5363 2921 5447 gratiarum
2967 5361 3281 5435 actionem.
3333 5354 3662 5445 Episcopus

2118 5468 2274 5524 astat
2306 5459 2551 5524 indutus
2592 5457 2758 5521 Stola
2779 5503 2796 5532 ,
2815 5465 2886 5520 ‘et
2928 5455 3188 5520 Pluviali
3234 5455 3359 5520 albi
3397 5456 3657 5521 coloris:
