4487 6316
1670 524 1894 573 tit-:nnat
1936 520 2371 579 NOTAmLmM

535 681 824 752 Templum
881 681 1251 750 multipliciter
1291 681 1461 750 pollui
1515 690 1717 751 potest.
1759 681 1861 749 Qui
1915 682 1969 732 in

425 774 628 840 templo
672 771 880 838 polluto
935 771 1242 835 celebraret,
1287 772 1486 822 nullam
1520 787 1746 838 poenam
1802 771 1977 821 incur·

427 869 585 919 rer-et,
616 858 705 909 sed
729 867 967 926 peccaret
995 860 1238 925 graviter,
1268 860 1371 910 uisi
1400 859 1655 928 Episcopi
1682 873 1972 910 consensus

424 947 719 1010 accederet,
760 947 794 996 l.
825 945 875 996 3.
904 962 949 997 c.
978 948 1031 998 7.
1059 964 1111 996 η.
1140 948 1193 998 4.

1058 1073 1289 1141 Tempus
1317 1059 1329 1123 .

532 1212 798 1278 Tempus,
829 1209 977 1278 quod
1006 1210 1060 1260 in
1094 1211 1292 1262 Missae
1319 1207 1686 1262 celebratione
1712 1208 1977 1278 impendi·

425 1306 527 1362 tur,
558 1298 701 1350 aliud
732 1300 973 1362 interius,
1002 1299 1143 1350 aliud
1175 1299 1404 1350 exterius
1431 1306 1534 1351 est.
1558 1299 1793 1350 Primum
1816 1298 1869 1348 in
1899 1316 1974 1350 re·

422 1397 531 1452 cta,
563 1389 869 1456 integraque
912 1388 1198 1439 verborum
1235 1387 1706 1455 pronuntiatione,
1735 1397 1786 1438 et
1815 1388 1868 1438 in
1898 1407 1972 1439 re-

422 1476 585 1542 liquis
627 1478 726 1529 rite
754 1475 1096 1528 absolvendis
1122 1476 1468 1527 constituitur
1492 1514 1503 1525 .
1547 1475 1848 1528 Secundum
1892 1479 1976 1529 Sa·

422 1564 656 1616 cerdotis
686 1566 866 1631 pietati
900 1565 1128 1616 liberum
1165 1565 1519 1633 relinquitur:
1564 1564 1618 1613 in
1672 1563 1776 1615 hoc
1804 1573 1975 1616 tamen

421 1652 589 1701 nimia
628 1653 928 1720 prolixitas,
954 1661 1005 1703 et
1031 1651 1199 1701 nimia
1221 1650 1453 1705 brevitas
1482 1651 1694 1702 vitanda
1722 1661 1819 1714 est,
1860 1653 1895 1703 l.
1923 1651 1974 1702 3.

426 1758 545 1808 cup.
585 1740 674 1791 24.
715 1758 860 1791 naen.
902 1739 952 1789 3.
983 1750 1033 1790 et
1057 1756 1201 1806 seqq.

536 1831 776 1896 Tempus
820 1828 1200 1880 celebrationis
1238 1826 1432 1880 Missae
1481 1827 1617 1879 intra
1648 1827 1930 1879 dimidiam
1958 1867 1976 1894 ,

419 1918 498 1968 vel
525 1917 663 1967 intra
695 1917 901 1968 tertiam
946 1915 1108 1966 horae
1148 1924 1349 1983 partem
1393 1916 1771 1969 concluditur:
1802 1933 1976 1985 neque

417 2004 669 2055 aiulieudi
704 2013 844 2069 sunt,
875 2004 967 2071 qui
998 2005 1078 2054 vel
1092 2002 1353 2071 quosdam
1386 2005 1690 2070 Scripturae
1719 2013 1887 2056 textus
1909 2004 1973 2054 ad

419 2092 629 2142 libitum
667 2093 1101 2158 interpretantes,
1157 2093 1233 2144 rel
1264 2093 1577 2144 Sanctorum
1626 2094 1867 2161 exempla
1907 2093 1972 2144 ad

419 2181 700 2247 proprium
725 2179 1341 2248 sensumdetorquentes
1353 2178 1570 2233 brevius
1598 2189 1806 2251 tempus
1829 2200 1975 2233 com-

419 2268 712 2333 mendant,
743 2270 777 2321 l.
815 2269 862 2319 3.
893 2285 940 2319 c.
979 2268 1073 2319 24.
1109 2286 1162 2318 n.
1192 2269 1248 2318 4.

994 2392 1370 2446 Tertullianus
1390 2433 1401 2443 .

536 2533 903 2586 Tertullianus
931 2548 995 2580 an
1026 2548 1256 2600 unquam
1287 2534 1540 2598 senserit,
1578 2533 1770 2587 Laicos
1814 2551 1975 2604 posse

425 2621 806 2675 Eucharistiam
830 2619 1111 2684 conficere,
1143 2620 1179 2670 l.
1210 2621 1263 2672 2.
1294 2639 1342 2672 c.
1374 2624 1458 2673 13.
1498 2639 1551 2674 η.
1596 2623 1679 2675 11.

871 2745 1021 2797 Theo
1030 2743 1198 2810 logia.
1233 2748 1285 2797 Τ
1282 2745 1518 2815 [teologi.

530 2885 830 2950 Theologia
871 2885 1015 2938 idem
1045 2906 1102 2938 ac
1154 2889 1237 2955 jus
1274 2886 1617 2938 pontificium
1661 2886 1753 2939 diu
1791 2887 1974 2943 habita

421 2975 553 3036 fuit,
606 2983 787 3042 postea
825 2974 889 3025 ab
943 2992 1008 3026 eo
1047 2975 1250 3037 divisa,
1279 2975 1367 3026 sed
1410 2975 1717 3027 Canonistis
1746 2980 1971 3030 omnino

418 3063 718 3113 necessaria
745 3071 849 3113 est.
875 3063 1123 3130 Append.
1155 3064 1239 3114 13.
1272 3062 1327 3113 in
1360 3061 1549 3129 Praqfi
1578 3065 1781 3115 Bened.
1811 3069 1969 3122 XIV.

419 3168 471 3201 n.
503 3151 584 3200 11.
618 3148 916 3219 Theologia
944 3150 1217 3203 Bononiae
1246 3151 1424 3202 locum
1451 3150 1581 3200 olim
1613 3168 1722 3202 non
1752 3151 1938 3207 habuit
1962 3194 1973 3207 .

418 3240 486 3289 V.
510 3237 772 3290 Bonom‘a
802 3275 815 3289 .

529 3325 798 3393 Theologi
854 3325 916 3376 ab
960 3326 1223 3377 Historiae
1263 3335 1375 3377 tum
1414 3327 1814 3380 Ecclesiasticae
1859 3336 1971 3380 tum

419 3414 671 3481 profanae
700 3413 941 3482 probatis
981 3412 1338 3480 scriptoribus
1379 3414 1664 3481 probabile
1694 3434 1970 3484 argumen-

417 3509 528 3550 tum
553 3518 649 3569 pro
680 3501 838 3553 rebus
862 3502 973 3552 suis
994 3501 1206 3553 haurire
1229 3512 1481 3569 possunt.
1510 3500 1763 3572 Append.
1796 3504 1877 3555 13.
1910 3505 1966 3555 in

421 3588 612 3653 ΡναςΙῖ
643 3588 848 3640 Bened.
888 3592 1047 3642 XIV.
1089 3607 1141 3639 n.
1175 3589 1257 3640 13.

534 3675 837 3741 Theologia
863 3677 1185 3728 Scholastica
1208 3676 1469 3745 Religioni
1503 3676 1812 3730 Catholicae
1841 3698 1975 3731 sem·

421 3778 518 3828 per
543 3761 695 3812 valde
732 3764 935 3829 profuit
979 3763 1069 3814 sed
1111 3764 1199 3814 illa
1229 3766 1341 3814 sola
1384 3766 1696 3818 Sacerdotes
1735 3770 1970 3819 contenti

418 3866 533 3899 esse
550 3866 657 3898 non
684 3849 881 3900 debent
899 3888 909 3900 .
933 3850 1181 3920 Append.
1202 3852 1283 3901 13.
1301 3852 1358 3902 in
1374 3851 1564 3919 PraeJ.
1593 3855 1799 3908 Bened.
1814 3859 1870 3910 Χ
1876 3860 1906 3907 1
1913 3861 1972 3910 V.

421 3954 476 3986 n.
520 3939 604 3987 18.
646 3949 832 4004 etseq.

533 4024 861 4089 Tlteologiae
910 4027 1067 4077 lectio
1096 4026 1150 4077 iu
1179 4026 1500 4096 quibusdam
1526 4030 1779 4082 Ecclesiis
1829 4035 1970 4101 juxta

418 4112 630 4163 Concili
662 4112 971 4164 Tridentini
1005 4116 1266 4165 monitum
1299 4113 1539 4166 habenda
1562 4123 1671 4168 eat.
1711 4121 1953 4188 Append

422 4199 501 4249 13.
537 4198 592 4248 in
627 4198 815 4258 Procli
845 4199 1051 4252 Bened.
1090 4204 1248 4254 XIV.
1277 4220 1422 4252 nunt.
1448 4203 1502 4254 4.

1009 4328 1059 4379 S.
1094 4327 1364 4379 Thomas.

526 4466 578 4516 S.
620 4464 861 4517 Thomas
899 4450 1130 4535 Aquinas
1167 4476 1365 4519 attente
1392 4467 1647 4534 legendus
1674 4477 1780 4535 est,
1826 4479 1879 4519 ut
1910 4469 1965 4519 iu

413 4554 642 4620 singulis
671 4552 966 4605 defectibus
993 4592 1007 4617 ,
1043 4539 1143 4623 'qui
1175 4556 1231 4604 in
1260 4555 1478 4606 Missam
1534 4573 1812 4609 occurrere
1849 4575 1971 4625 pos·

414 4652 577 4705 sunt,
622 4651 931 4710 promptum
973 4642 1228 4696 habeatur
1265 4643 1595 4707 remedium,
1642 4646 1679 4696 1.
1716 4646 1766 4695 3.
1808 4662 1852 4695 c.
1887 4647 1969 4697 15.

413 4746 470 4779 n.
501 4730 584 4778 11.

528 4818 576 4868 S.
622 4816 887 4868 Thomam
927 4818 1396 4880 Cantuariensem,
1435 4818 1683 4868 nonnulli
1726 4818 1970 4868 dictitant

418 4908 640 4957 Missam
673 4904 821 4957 valde
839 4906 1147 4957 festinanter
1172 4905 1486 4972 celebrasse,
1518 4905 1608 4958 sed
1641 4905 1965 4956 hallucinan-

415 5002 521 5054 tur,
564 4994 596 5042 Ι.
630 4993 680 5042 3.
720 5010 765 5044 c.
793 4994 881 5044 24.
923 5011 975 5045 n.
1004 4995 1056 5045 4.

1067 5121 1296 5172 Tractus
1318 5158 1329 5171 .

526 5256 749 5305 Tractus
783 5276 810 5306 e
840 5258 1098 5310 trahendo
1128 5259 1345 5321 dicitur,
1370 5277 1494 5309 narn
1526 5259 1731 5310 tractim
1761 5267 1811 5311 et
1841 5276 1961 5326 pro·

410 5344 518 5396 lixe
540 5344 777 5407 canitur,
811 5346 847 5395 1.
876 5346 925 5396 2.
956 5364 1000 5397 c.
1025 5350 1073 5400 tt.
1103 5365 1157 5399 n.
1193 5350 1273 5400 18.
1303 5351 1390 5401 Est
1419 5349 1712 5418 lugentium
1744 5347 1952 5416 signum

3323 528 3427 578 403

2083 677 2313 748 ideoque
2347 697 2446 748 pro
2469 677 2719 746 Alleluja
2757 699 2784 729 a
2812 681 3191 750 septuagesima
3221 681 3282 732 ud
3311 681 3503 733 Pasma
3546 682 3624 733 di-

2080 767 2233 833 citur,
2279 768 2313 818 l.
2341 767 2392 817 2.
2423 783 2468 818 c.
2500 768 2548 820 δ.
2579 785 2628 817 n.
2659 767 2744 818 22.

2714 893 2958 948 Trinitas
2979 934 2989 945 .

2195 1030 2518 1086 Trinitatem
2551 1032 2682 1082 olim
2712 1032 2926 1084 Fideles
2967 1033 3242 1086 nominare
3280 1033 3622 1097 verebantur,

2080 1136 2148 1172 ne
2189 1121 2278 1184 iis,
2313 1121 2403 1188 qui
2447 1122 2731 1173 Trinitatis
2761 1124 3071 1190 mysterium
3110 1122 3454 1190 ignorabant,
3496 1126 3629 1175 mul·

2086 1210 2420 1278 tiplicitatem
2449 1211 2680 1262 Deorum
2713 1212 2932 1263 adorare
2962 1211 3296 1273 viderentur3
3328 1212 3532 1264 idcirco
3562 1212 3625 1263 ad

2083 1299 2404 1350 Trinitatem
2448 1299 2722 1349 orationes
2750 1316 2857 1349 non
2892 1299 3219 1366 dirigebant,
3250 1301 3287 1352 l.
3327 1300 3379 1350 2.
3411 1319 3457 1351 c.
3486 1301 3541 1352 2.
3570 1318 3623 1352 n.

2077 1384 2127 1435 3.
2182 1386 2285 1438 Illo
2315 1396 2455 1436 metu
2509 1385 2739 1452 sublato,
2781 1397 2996 1456 utraque
3021 1389 3254 1440 Ecclesia
3299 1389 3522 1441 fidenter
3548 1388 3612 1439 ad

2079 1477 2125 1527 T
2141 1474 2404 1525 rinitatem
2423 1474 2668 1542 explicite
2687 1475 2939 1542 quasdam
2969 1477 3242 1528 orationes
3269 1475 3476 1546 dirigit,
3495 1476 3628 1529 ibid.

2086 1562 2415 1630 Quamquam
2441 1565 2597 1613 etiam
2629 1579 2769 1612 nunc
2800 1580 2990 1629 paucae
3017 1563 3292 1617 orationes
3320 1564 3382 1616 ad
3412 1585 3527 1619 enm
3551 1565 3629 1616 di-

2081 1652 2358 1721 riguutur,
2387 1651 2422 1701 Ι.
2453 1649 2506 1701 2.
2535 1667 2581 1703 e.
2614 1650 2700 1701 13.
2728 1669 2779 1701 n.
2806 1651 2861 1702 2.

2682 1775 2992 1843 Trisagium
3011 1816 3022 1827 .

2185 1915 2487 1981 Trisagium
2513 1917 2743 1967 Sanctus
2761 1917 2927 1981 Deus,
2951 1916 3382 1970 SanctusFortis
3405 1928 3627 1969 etc.non

2078 2013 2159 2057 eat
2184 2004 2328 2055 idem
2353 2024 2410 2056 ac
2437 2003 2664 2072 hymnus
2682 2004 2982 2073 Angelicus,
3011 2023 3102 2058 seu
3130 2005 3470 2074 triumphalis
3502 2008 3631 2059 San-

2080 2103 2215 2153 ctus,
2265 2094 2495 2144 sanctus
2519 2103 2619 2142 etc.
2663 2091 2757 2161 qui
2786 2101 2909 2160 post
2943 2093 3330 2145 Praefationem
3374 2095 3430 2144 in
3457 2094 3621 2145 Missa

2080 2180 2296 2242 dicitur,
2327 2181 2360 2230 l.
2389 2179 2444 2231 2.
2473 2197 2518 2231 c.
2554 2182 2635 2231 11.
2665 2198 2718 2231 η.
2763 2181 2849 2232 18.
2890 2180 3029 2233 Illud
3068 2180 3315 2249 quotidie
3343 2182 3501 2233 initio
3529 2183 3615 2234 Li·

2078 2269 2276 2336 turgiae
2305 2268 2490 2320 Graeci
2518 2278 2743 2320 canunt.
2797 2268 2971 2320 Latini
2995 2271 3169 2321 solum
3196 2269 3351 2323 Feria
3377 2270 3429 2321 0.
3459 2270 3514 2320 in
3541 2272 3630 2321 Pa·

2074 2372 2307 2419 raseeve,
2333 2353 2463 2406 ibid.

2828 2533 2872 2584 V

2705 2706 2997 2763 Vomitus.

2075 2829 2365 2940 xralidum
2396 2895 2450 2940 ut
2478 2889 2545 2940 sit
2583 2885 2908 2938 Sacrificium
2928 2924 2940 2948 ,
2978 2902 3114 2953 opus
3142 2893 3249 2950 est,
3288 2893 3343 2937 ut
3371 2883 3629 2938 Sacerdos

2075 2978 2205 3035 rite.
2246 2986 2298 3028 et
2337 2976 2574 3042 legitime
2607 2974 2674 3024 sit
2711 2972 2988 3024 ordinatus
3013 3011 3025 3035 ,
3069 2973 3104 3023 l.
3137 2972 3186 3023 3.
3226 2989 3271 3023 c.
3313 2974 3396 3023 10.
3426 2991 3460 3023 ο
3498 2990 3549 3023 n.
3583 2975 3629 3023 1.

2071 3062 2147 3116 ad
2168 3065 2220 3116 8.

2179 3151 2487 3221 Requiritur
2516 3158 2780 3219 praeterea
2813 3150 3038 3200 intentio
3068 3149 3300 3201 actualis.
3332 3150 3410 3202 vel
3442 3149 3629 3200 virtua-

2074 3243 2141 3293 lis
2171 3241 2436 3302 faciendi,
2465 3241 2611 3309 quod
2644 3240 2761 3291 facit
2792 3241 3052 3300 Ecclesia,
3084 3248 3135 3289 et
3161 3238 3470 3306 quomodo,
3511 3240 3545 3289 l.
3575 3238 3627 3289 3.

2072 3347 2121 3381 c.
2155 3332 2234 3381 to.
2277 3348 2329 3381 n.
2363 3331 2446 3380 11.
2478 3330 2608 3380 ttem
2650 3344 2786 3396 opus
2813 3335 2888 3379 est
2929 3337 3044 3393 apta
3078 3327 3323 3387 materia,
3363 3335 3414 3378 et
3440 3325 3627 3378 forma.

2074 3418 2294 3469 Materia
2323 3434 2448 3469 vero
2481 3425 2595 3483 apta
2624 3425 2704 3467 est
2730 3415 2943 3481 vinum,
2972 3423 3024 3466 et
3050 3415 3204 3482 panis
3228 3413 3495 3480 triticeus,
3528 3429 3627 3466 nec

2076 3506 2277 3557 sufficit
2304 3505 2456 3574 panis
2486 3522 2546 3555 ex
2589 3502 2794 3555 hordeo
2818 3540 2832 3567 ,
2865 3520 2927 3555 ex
2957 3503 3150 3571 spelta,
3178 3519 3238 3553 ex
3269 3502 3409 3568 sare,
3441 3511 3528 3553 aut
3565 3519 3628 3554 ex

2074 3592 2275 3643 umido.
2305 3594 2357 3644 Si
2390 3596 2541 3660 panis
2572 3591 2810 3643 triticeus
2839 3607 2956 3640 cum
2997 3588 3206 3641 hordeo
3234 3599 3283 3641 et
3311 3590 3478 3657 spelta
3512 3604 3626 3656 per-

2074 3682 2272 3731 mixtus
2300 3681 2396 3744 sit,
2437 3697 2545 3730 non
2577 3688 2654 3730 est
2694 3679 2907 3730 materia
2941 3687 3088 3744 apta,
3129 3677 3173 3728 si
3204 3679 3375 3745 major
3412 3678 3480 3728 sit
3503 3676 3626 3728 hor·

2074 3767 2192 3830 dci,
2228 3776 2281 3819 et
2309 3769 2506 3833 speltae
2543 3767 2835 3834 quantitas,
2868 3766 2903 3816 1.
2943 3765 2993 3816 3.
3020 3782 3068 3815 c.
3112 3766 3196 3815 10.
3226 3782 3278 3813 η.
3320 3764 3405 3815 14.
3443 3766 3626 3832 Neque

2070 3858 2255 3909 vinum
2289 3855 2506 3909 materia
2533 3863 2650 3922 apta
2671 3862 2767 3913 est,
2795 3854 2836 3903 si
2871 3861 3007 3903 tanta
3036 3870 3199 3921 aquae
3217 3853 3482 3922 quantitas
3510 3870 3626 3920 per·

2075 3944 2235 3995 mixta
2271 3944 2360 4008 sit,
2395 3952 2450 3993 ut
2476 3942 2583 3992 vini
2615 3941 2958 4009 quantitatem
2989 3948 3216 4008 superet,
3247 3940 3391 4009 quod
3422 3956 3488 3992 ne
3514 3957 3629 3994 eve-

2070 4033 2248 4093 niret,
2270 4030 2400 4080 olim
2431 4029 2695 4081 cochleari
2723 4047 2853 4098 aqua
2879 4029 2934 4079 in
2958 4028 3188 4081 Calicem
3220 4026 3624 4092 immittebatur,

2072 4122 2107 4172 1.
2136 4121 2186 4172 3.
2215 4138 2262 4171 c.
2294 4121 2379 4169 10.
2405 4136 2456 4168 n.
2486 4119 2570 4170 15.

2180 4207 2256 4259 Ad
2287 4206 2608 4258 validitatem
2643 4204 2930 4271 sacrificii,
2959 4202 3144 4255 divino
3174 4205 3308 4271 jure,
3339 4212 3391 4254 et
3418 4222 3622 4271 praece·

2073 4305 2198 4366 pto,
2237 4315 2264 4347 a
2291 4313 2400 4363 quo
2429 4296 2607 4346 nullus
2637 4293 2941 4359 dispensare
2979 4301 3185 4361 potest,
3225 4293 3516 4343 necessaria
3544 4302 3623 4345 est

2072 4385 2227 4454 panis
2257 4383 2455 4446 simul,
2494 4382 2678 4433 etvini
2711 4380 3067 4445 consecratio,
3100 4380 3135 4430 1.
3172 4379 3222 4430 3.
3253 4396 3300 4429 c.
3330 4380 3412 4429 10.
3453 4397 3501 4428 n.
3537 4380 3618 4431 18.

2073 4483 2124 4522 et
2152 4473 2236 4522 19.
2271 4471 2323 4522 Si
2355 4468 2610 4522 Sacerdos
2649 4470 2947 4520 alterutram
2988 4474 3187 4516 tantum
3227 4468 3456 4534 speciem
3497 4483 3622 4516 con—

2074 4567 2328 4624 secraret,
2367 4556 2602 4609 validum
2643 4564 2781 4608 esset
2820 4557 3246 4619 Sacramentum,
3298 4569 3406 4603 non
3447 4539 3618 4605 autem

2073 4646 2399 4699 Sacrificium
2420 4682 2434 4708 ,
2461 4654 2513 4696 et
2541 4645 2655 4713 ipse
2685 4660 2875 4711 magno
2905 4660 2959 4693 se
2987 4650 3202 4710 peccato
3234 4640 3616 4711 adstringeret,

2071 4732 2141 4784 ib.
2183 4731 2430 4785 Validam
2479 4748 2693 4799 quoque
2730 4737 2869 4781 esset
2913 4730 3336 4793 Sacramentum,
3375 4730 3532 4778 etiam
3572 4728 3615 4779 si

2070 4819 2357 4881 Sacerdos,
2395 4818 2486 4886 qui
2517 4817 2648 4867 illud
2690 4816 2996 4877 conticeret,
3038 4824 3090 4866 et
3128 4814 3334 4866 lethalis
3375 4815 3616 4866 criminis

2067 4911 2201 4960 Reus
2220 4948 2239 4974 ,
2271 4907 2350 4958 vel
2379 4906 2710 4967 Haereticus,
2739 4905 2818 4955 vel
2854 4903 3382 4965 Excommunicatus,
3412 4903 3492 4953 vel
3533 4920 3617 4954 su·

2067 5012 2292 5065 spensus
2316 5033 2330 5058 ,
2358 4995 2438 5046 tel
2466 4993 2786 5062 Degradatus
2814 5000 2978 5054 esset,
3009 4991 3043 5041 1.
3073 4990 3105 5041 3
3157 5008 3203 5041 c.
3236 4991 3318 5040 11.
3348 5007 3400 5039 n.
3433 4991 3480 5039 1.

2171 5081 2359 5134 Valide
2398 5088 2729 5132 consecraret
2775 5076 3061 5141 Sacerdos,
3097 5077 3187 5146 qui
3237 5076 3400 5127 nullis
3441 5076 3611 5127 Sacris

2066 5170 2328 5234 vestibus,
2373 5186 2545 5237 neque
2590 5167 2943 5229 ceremoniis,
2992 5183 3162 5233 neque
3214 5162 3610 5231 precationibus

2066 5259 2347 5321 adhibitis,
2379 5257 2470 5308 sed
2508 5274 2625 5307 curn
2667 5255 2966 5307 intentione
3005 5250 3266 5314 faciendi,
3303 5250 3448 5318 quod
3490 5251 3612 5303 facit

2060 5347 2323 5412 Ecclesia,
2361 5344 2515 5398 verba
2553 5342 2968 5397 consecrationis
3006 5357 3164 5407 super
3201 5355 3421 5407 panem,
3457 5348 3510 5391 et
3534 5341 3609 5390 vi-
