4487 6316
978 484 1047 536 XI

1562 691 2451 810 SACRORUM
2590 674 3238 811 RITUUM

1460 977 2217 1066 sclENTlAE
2321 962 3344 1072 AUDITORIBUS.

809 1423 993 1532 Cum
1029 1474 1197 1554 oflicii
1234 1480 1344 1538 mei
1379 1479 1485 1550 sit,
1516 1477 1816 1540 Auditores
1856 1483 2085 1561 optimi,
2125 1484 2481 1561 propositum
2517 1481 2666 1542 vobis
2706 1484 2874 1563 finem
2914 1501 3217 1562 eoeponere,
3260 1505 3327 1544 ac
3366 1503 3558 1544 rerum
3588 1484 4016 1546 tractandarum

795 1585 1016 1626 summa
1045 1568 1220 1628 veluti
1247 1573 1436 1649 capita
1459 1574 1647 1652 primo
1676 1573 1774 1632 hoc
1803 1575 1868 1633 in
1901 1575 2093 1633 limine
2123 1576 2300 1633 oculis
2332 1578 2525 1636 restris
2552 1578 2816 1653 subjicere
2834 1624 2850 1646 ,
2897 1597 2988 1636 vos
3030 1580 3200 1638 etium
3237 1589 3404 1657 atque
3446 1581 3614 1638 etiam
3649 1582 4024 1659 praemonitos

795 1659 949 1730 volo,
981 1680 1165 1720 nieum
1197 1664 1437 1725 laborem
1465 1686 1524 1725 eo
1552 1676 1826 1746 spectare,
1859 1678 1925 1727 ut
1954 1680 2197 1728 vestrum
2225 1672 2604 1748 unusquisque
2635 1669 2945 1730 Sacrorum
2975 1671 3215 1731 Ritunm
3243 1673 3498 1734 doctrina
3529 1673 3896 1750 informetur,
3930 1693 4018 1733 eo-

796 1771 1033 1831 rumque
1062 1758 1365 1835 oriqinem,
1398 1761 1890 1841 siqnificationem,
1925 1762 2256 1841 diqnitatem
2285 1776 2618 1844 compertam
2647 1766 2878 1832 habeam
2910 1786 3019 1843 quo
3059 1767 3149 1847 fiet
3169 1814 3184 1834 ,
3225 1777 3289 1825 ut
3322 1765 3518 1827 Sacris
3552 1764 3860 1826 Ordinibus
3901 1769 4018 1826 ini-

800 1848 1005 1920 tiatus,
1044 1850 1174 1910 inde
1203 1854 1524 1932 aptissimus
1553 1857 1627 1914 sit
1656 1856 1733 1916 ad
1763 1877 1827 1917 ea
1857 1877 1999 1935 quae
2036 1869 2168 1918 sunt
2205 1860 2298 1917 sui
2336 1860 2582 1918 muner-is
2623 1860 2732 1920 rite
2767 1858 3036 1919 obeunda.
3076 1856 3268 1932 Quare
3301 1858 3656 1937 Liturqicum
3694 1879 3917 1919 cursum
3955 1862 4020 1918 iu

799 1951 1047 2019 quatuor
1076 1954 1351 2007 tractatus
1382 1968 1441 2007 eo
1472 1949 1776 2009 dividemus
1806 1952 2030 2023 ordine,
2066 1972 2227 2030 quem
2259 1953 2347 2011 hic
2376 1952 2661 2012 subnecto:

922 2041 976 2096 1.
1011 2037 1095 2097 De
1127 2037 1496 2101 Sacrosancto
1521 2043 1736 2105 Missae
1766 2042 2082 2128 Sacrificio.

918 2134 977 2189 2.
1012 2131 1098 2190 De
1128 2130 1340 2194 Divino
1372 2133 1588 2215 OfficiO.

920 2227 978 2282 3.
1015 2221 1098 2283 De
1131 2224 1628 2290 sacramentorum
1652 2230 2177 2294 Administratione.

919 2321 980 2376 4.
1015 2315 1098 2378 De
1129 2318 1644 2394 Benedictionibus,
1678 2336 1729 2384 et
1759 2324 2046 2387 Precibus.

920 2410 1028 2471 Ea:
1068 2413 1353 2473 duodecim
1390 2418 1570 2494 iqitur
1603 2417 1655 2477 T
1648 2421 1987 2490 ructatibus,
2035 2422 2100 2480 in
2144 2441 2279 2501 quos
2328 2441 2520 2493 rerum
2559 2419 2985 2499 Liturqicarum
3024 2423 3321 2481 materiam
3359 2422 3624 2479 distribui
3659 2424 3722 2480 in
3760 2419 4024 2500 Epistola

798 2507 989 2584 primo
1023 2504 1189 2565 Tomo
1222 2505 1470 2588 Operum
1497 2515 1747 2573 omnium
1775 2513 1893 2575 SS.
1928 2515 2005 2576 D.
2040 2515 2123 2577 Ν.
2167 2514 2548 2577 BENEDIC
2553 2515 2632 2575 TI
2658 2515 2746 2574 X!
2757 2515 2819 2575 V.
2849 2517 3115 2596 praefixa
3136 2563 3151 2584 ,
3185 2525 3429 2593 quatuor
3453 2516 3802 2593 jmtissimum
3829 2517 3993 2593 selcqi
4010 2563 4025 2583 ,

805 2600 908 2676 qui
938 2608 1122 2659 tamen
1150 2612 1351 2682 septem
1380 2607 1848 2685 complectuntur:
1879 2610 1942 2668 id
1971 2629 2029 2668 eo
2057 2613 2353 2670 consilium
2381 2611 2594 2688 factum
2623 2618 2729 2679 est,
2762 2629 2830 2668 ne
2861 2610 3008 2668 hunc
3026 2656 3041 2679 ,
3077 2630 3236 2687 quem
3265 2610 3624 2685 aqqredimur
3652 2628 3900 2679 cursum,
3933 2609 4029 2666 ul-

809 2702 903 2753 tra
931 2705 1176 2771 quatuor
1204 2715 1380 2756 annos
1403 2701 1855 2778 protraheremus
1866 2724 1890 2771 ,·
1916 2724 2050 2764 nam
2084 2706 2300 2783 lonqior
2331 2723 2488 2764 mora
2518 2723 2630 2762 non
2659 2703 2819 2763 modo
2847 2714 3121 2763 vetustum
3152 2701 3492 2762 Scholaiwn
3521 2723 3727 2761 morem
3750 2714 4028 2783 percerte-

806 2796 924 2855 ret,
958 2807 1148 2847 verum
1178 2792 1348 2851 etiam
1375 2811 1490 2851 non
1528 2795 1613 2853 ita
1654 2795 1763 2855 leve
1793 2799 1940 2856 vobis
1969 2798 2264 2875 fastidium
2305 2806 2535 2859 crearet.
2575 2794 2740 2870 Quod
2779 2796 2856 2857 ad
2894 2797 3138 2874 reliquos
3178 2797 3423 2874 quinque
3458 2793 3754 2856 Tractatus
3791 2796 4027 2863 attinet,

812 2880 916 2956 qui
940 2880 1105 2957 facile
1135 2884 1303 2942 etiam
1332 2883 1408 2945 ad
1436 2898 1681 2963 quatuor
1710 2890 1900 2968 capita
1927 2892 2110 2969 rediqi
2132 2902 2396 2971 possunt,
2427 2890 2664 2960 eosdem,
2696 2891 2748 2949 si
2782 2891 2969 2948 minus
2992 2890 3161 2968 pleno
3200 2898 3460 2968 qutture,
3491 2898 3552 2949 at
3592 2898 3733 2948 certe
3759 2888 4033 2967 primori·

816 2972 915 3031 bus
948 2973 1144 3043 labris,
1178 2977 1337 3036 modo
1366 2980 1429 3037 in
1460 2979 1929 3060 disputationibus
1954 2986 2214 3065 publicis,
2247 2988 2406 3046 niodo
2435 2987 2496 3044 in
2528 2985 2832 3044 domesticis
2870 2983 3385 3053 exercitationibus,
3417 2992 3584 3042 extra
3612 2982 3861 3041 ordinem
3890 2981 4033 3040 deli-

816 3066 1037 3126 babitis.
1070 3067 1189 3130 Nec
1218 3074 1435 3131 veroin
1464 3076 1720 3134 animum
1748 3078 2029 3140 inducatis
2061 3065 2302 3140 vestrum
2340 3080 2487 3157 fore,
2528 3088 2592 3138 ut
2629 3080 2928 3139 materiam
2963 3078 3040 3139 ad
3083 3089 3330 3156 quatuor
3367 3078 3494 3136 illos
3530 3075 3826 3143 Tractatus
3850 3076 4033 3156 perti-

815 3171 1034 3219 nentem
1055 3166 1280 3242 penitus
1309 3167 1683 3237 exhauriam:
1715 3190 1841 3230 cum
1870 3174 2030 3233 illius
2059 3175 2374 3254 amplitudo
2402 3175 2585 3252 major
2613 3175 2709 3242 sit,
2743 3194 2915 3252 quam
2943 3193 3084 3252 quae
3108 3174 3280 3252 possit
3310 3173 3566 3253 temporis
3600 3173 3868 3232 limitibus
3898 3171 4035 3231 adeo

814 3258 1071 3334 anqustis
1101 3260 1406 3329 contineri,-
1437 3272 1577 3321 certe
1599 3264 1859 3342 plurima
1895 3269 2207 3347 accipietis,
2240 3288 2314 3328 ex
2354 3269 2553 3347 quibus
2591 3267 2739 3326 vobis
2773 3287 3019 3347 pronum
3059 3268 3165 3325 erit
3211 3285 3309 3345 per
3347 3284 3437 3324 cos
3474 3267 3619 3345 ipsos
3656 3265 3732 3325 ad
3770 3264 4036 3342 faciliora

819 3369 1114 3411 excurrere
1126 3373 1150 3419 ,·
1182 3373 1305 3431 eqo,
1341 3374 1482 3432 quae
1512 3376 1661 3417 meae
1684 3370 1874 3437 partes
1903 3372 2066 3432 sunt,
2100 3364 2254 3422 omni
2281 3382 2377 3442 ope
2407 3364 2624 3431 enitar,
2657 3370 2722 3420 ut
2750 3362 2815 3420 in
2844 3360 3080 3420 docendo
3108 3361 3319 3437 maqis,
3352 3361 3635 3438 maqisque
3667 3360 3728 3417 in
3758 3358 3872 3416 dies
3896 3378 4036 3438 pro·

817 3442 1039 3522 ficiam:
1071 3446 1217 3522 quod
1245 3464 1319 3506 ex
1348 3448 1467 3527 ipso
1495 3449 1723 3509 docendi
1750 3469 1889 3523 usu,
1923 3464 1973 3514 et
2004 3456 2336 3533 quotidiana
2361 3456 2738 3535 eoepcrientia,
2769 3452 2885 3514 Deo
2914 3455 3114 3525 dante,
3147 3463 3616 3531 consequuturum
3644 3471 3728 3511 me
3756 3471 3932 3531 spero.

938 3534 1077 3596 Jam
1105 3557 1231 3598 vero
1267 3559 1394 3601 cum
1421 3540 1510 3613 Is,
1544 3546 1647 3621 qui
1673 3543 1958 3607 Ecclesiae
1995 3550 2284 3609 universae
2320 3569 2469 3610 nunc
2503 3560 2753 3631 praeest,
2786 3547 3056 3609 Summus
3087 3547 3360 3625 Pontifex
3398 3556 3448 3606 et
3487 3545 3753 3606 Scholam
3789 3556 4043 3606 nostram

818 3629 1161 3702 condiderit,
1194 3642 1246 3691 et
1273 3635 1464 3695 studia
1491 3647 1683 3698 nostra
1711 3640 1995 3702 moderari
2022 3644 2250 3701 minime
2280 3641 2640 3722 dediqnetur,·
2671 3645 2822 3705 illud
2850 3645 3076 3704 omnino
3113 3643 3498 3720 consequitur,
3531 3651 3596 3699 ut
3625 3639 3904 3700 Eumdem
3940 3661 4040 3700 nos

821 3741 896 3782 cx
924 3724 1102 3785 altero
1133 3727 1299 3786 titulo
1330 3739 1601 3808 tanquam
1629 3732 1745 3812 filii
1764 3736 2132 3813 peculiariter
2161 3739 2446 3809 venerari,
2480 3757 2554 3798 ex
2593 3739 2772 3799 altero
2804 3747 3076 3816 tanquam
3106 3735 3371 3814 discipuli
3399 3733 3637 3814 fideliter
3664 3735 3819 3812 sequi
3846 3734 4039 3795 debca-

821 3834 965 3876 mus.
1001 3816 1085 3877 Et
1116 3821 1337 3897 quidem
1365 3825 1585 3894 merito,
1618 3846 1745 3888 cum
1772 3847 1927 3888 nemo
1956 3830 2052 3899 sit,
2086 3832 2188 3907 qui
2212 3840 2415 3889 utentes
2443 3841 2663 3892 nostras
2692 3832 2779 3891 cel
2810 3841 3081 3910 tanquam
3113 3827 3355 3888 Divinus
3385 3825 3661 3907 Inter-pres
3691 3829 3921 3887 certiore
3950 3846 4041 3887 ce-

822 3912 1017 3971 ritatis
1047 3915 1274 3992 requla,
1309 3916 1394 3976 vel
1420 3927 1692 3997 tanquam
1715 3923 1975 4001 prii-atus
2005 3922 2213 3983 Doctor
2241 3924 2467 3984 meliore
2496 3925 2779 3985 doctrinae
2809 3927 2968 4006 copia
2998 3925 3330 4003 locupletare
3353 3922 3547 4002 possit.
3584 3919 3716 3995 Qua
3748 3923 3808 3979 in
3837 3940 3897 3980 re
3916 3920 4043 3998 jam

816 4006 992 4087 probe
1020 4009 1195 4078 scitis,
1227 4028 1312 4069 me
1341 4011 1489 4069 nibil
1519 4012 1583 4071 de
1611 4012 1723 4073 Illo
1750 4034 1925 4096 supra
1954 4020 2217 4076 meritum
2246 4027 2297 4077 et
2327 4038 2454 4077 cum
2479 4020 2905 4097 eoeaqyeratione
2939 4019 3115 4096 loqui:
3145 4018 3207 4076 id
3236 4016 3382 4094 quod
3410 4014 3711 4092 conjectare
3740 4016 4045 4091 unusquis-

825 4119 932 4176 que
954 4110 1235 4185 potest·w
1263 4104 1547 4183 ipsiusmet
1578 4107 1753 4164 verbis
1778 4109 1993 4186 aliquot
2015 4110 2144 4186 jam
2172 4111 2382 4191 elapsos
2411 4132 2586 4172 annos
2615 4114 2687 4174 ab
2715 4132 2773 4173 eo
2796 4114 3072 4193 prolatis,
3104 4113 3186 4172 ait
3227 4112 3374 4169 enim
3402 4109 3669 4168 modestia
3707 4109 3817 4168 illa
3844 4109 4042 4186 sinqu-

830 4193 977 4264 lari‚
1020 4214 1134 4272 qua
1164 4197 1458 4274 praeditus
1497 4208 1611 4266 est:
1644 4199 1959 4262 Affirmare
1986 4203 2127 4284 jure
2163 4223 2506 4283 possumuS,
2545 4226 2735 4268 annos
2775 4204 3219 4288 quinquaginta
3260 4202 3610 4275 contulisse,
3651 4200 3871 4281 exiguo
3912 4200 4049 4262 lieet

827 4305 967 4346 cum
1005 4286 1205 4349 fructu
1224 4334 1243 4362 ,
1276 4288 1502 4349 Studiis
1527 4290 1951 4354 Ecclesiasticis
1979 4295 2337 4357 excolendis.
2377 4297 2542 4373 Quod
2572 4311 2787 4378 quanta
2818 4301 3000 4360 animi
3041 4299 3412 4358 moderatione
3450 4296 3521 4356 ab
3550 4293 3662 4354 Illo
3700 4295 3912 4352 dictum
3939 4295 4012 4353 sit
4031 4342 4045 4361 .

829 4382 895 4440 in
924 4382 1155 4441 dubium
1184 4384 1458 4445 revocabit
1488 4404 1643 4445 nenw
1673 4388 1775 4463 qui
1802 4389 1941 4448 sciat
1975 4392 2191 4463 (sciunt
2226 4400 2412 4451 autem
2450 4399 2659 4468 omncs)
2681 4411 2992 4475 punicorum
3031 4411 3312 4453 annorum
3352 4390 3599 4469 fructum
3636 4388 3805 4465 fuisse
3843 4388 4048 4446 duode-

832 4476 944 4534 cim
973 4476 1281 4548 volumina‚
1316 4497 1457 4555 quae
1486 4498 1636 4538 nunc
1665 4479 1873 4541 Romae
1902 4482 1978 4542 ad
2006 4503 2171 4542 usum
2197 4483 2530 4547 Academiae
2555 4486 2880 4566 Liturqicae
2912 4484 3375 4547 Conimbm'censis
3409 4481 3578 4562 Typis
3609 4481 3876 4548 eduntur:
3905 4482 4052 4559 quod

833 4569 886 4627 si
914 4568 1209 4628 haberetur
1239 4572 1389 4631 ratio
1419 4591 1609 4631 eorum
1646 4575 1895 4633 omniu-m
1933 4596 2075 4654 quae
2111 4580 2366 4658 scripsit,
2408 4600 2505 4652 ea,
2546 4591 2610 4641 ut
2658 4582 2772 4660 ipse
2809 4582 3042 4659 inqenue
3082 4580 3254 4659 fateri
3292 4578 3509 4655 coqitur
3549 4573 3737 4648 (Tem.
3781 4572 3847 4633 V.
3881 4572 4047 4633 Edit.

834 4660 1120 4722 Romanae
1143 4683 1278 4742 paq.
1315 4668 1479 4739 26.)‚
1512 4684 1709 4746 neque
1734 4686 1956 4747 pauca,
1990 4688 2185 4749 neque
2210 4670 2431 4752 exigua
2456 4674 2767 4736 volumina
2785 4720 2801 4748 ,
2829 4674 2879 4736 si
2908 4674 3368 4756 colligerentur,
3398 4668 3717 4730 efficerent.

957 4752 1104 4816 Cum
1134 4757 1326 4834 itaque
1356 4758 1504 4837 ipse,
1537 4770 1600 4818 ut
1632 4760 1780 4820 alias
1814 4763 1923 4821 late
1963 4764 2203 4834 ostendi,
2237 4784 2380 4843 quae
2408 4770 2484 4828 ad
2517 4769 2828 4830 Sacrorum
2851 4767 3093 4829 Rituum
3125 4775 3398 4827 tractatus
3424 4762 3738 4843 pertinent,
3771 4780 3836 4821 ea
3864 4762 4054 4821 omnia

835 4850 923 4910 tel
949 4852 1311 4911 coacervatim
1344 4852 1642 4913 tradiderit
1672 4855 1736 4912 in
1765 4857 1881 4914 suis
1915 4852 2223 4935 Operibus,
2256 4860 2342 4918 vel
2369 4865 2610 4940 sparsim
2638 4863 2777 4924 data
2805 4862 3218 4943 opportunitate
3248 4856 3654 4925 insinuaverit,
3686 4864 3826 4914 certe
3854 4873 3951 4913 nos
3980 4854 4057 4915 ad

830 4942 1119 5023 plurima,
1154 4962 1295 5020 quae
1326 4943 1424 5003 hoc
1462 4946 1833 5022 quadriennio
1871 4948 2104 5010 dicenda
2139 4961 2302 5022 sunt,
2327 4957 2784 5036 promptuarium
2823 4975 3032 5036 semper
3070 4957 3134 5013 in
3173 4953 3288 5031 ejus
3331 4952 3488 5011 libris
3530 4949 3845 5010 habe-bimus
3887 4967 4060 5026 quam

831 5036 1280 5116 paratissimum.
1315 5034 1498 5114 Atque
1529 5038 1660 5109 boc,
1693 5040 1874 5099 eodem
1902 5060 2053 5101 anno
2081 5043 2231 5102 illud
2261 5044 2498 5121 feliciter
2532 5051 2608 5111 ad
2636 5051 2943 5129 qloriosum
2969 5059 3191 5109 nostrae
3222 5045 3460 5106 Sclwlae
3490 5044 3805 5122 auspicium
3830 5043 4061 5102 evenisse

838 5129 1197 5201 crediderim,
1240 5131 1387 5208 quod
1427 5150 1525 5191 nos
1566 5130 1848 5211 Liturqici
1887 5135 2111 5212 hujusce
2150 5139 2428 5198 curriculi
2467 5145 2707 5204 laborem
2744 5161 2818 5204 ex
2854 5140 3228 5204 Sacrosancto
3264 5139 3481 5202 Missae
3521 5135 3852 5217 Sacrificio,
3889 5148 4061 5217 prout

839 5224 1107 5284 materiae
1139 5224 1386 5301 diqnitas
1418 5225 1744 5304 utilitasque
1767 5229 2162 5307 postulabant,
2194 5233 2366 5291 simus
2396 5237 2603 5295 exorsi.
2647 5233 3037 5295 Verumtamen
3075 5234 3230 5295 haud
3268 5233 3523 5313 inficior,
3574 5249 3659 5289 me
3697 5229 3762 5288 de
3802 5228 3900 5287 hoc
3943 5231 4064 5308 ipso

839 5329 1169 5396 arqumento
1201 5328 1445 5379 tractare
1474 5320 1804 5398 coqitantem
1834 5322 1936 5381 diu
1963 5324 2313 5403 multumque
2341 5326 2647 5398 dubitasse,
2681 5327 2820 5407 quid
2855 5329 2999 5387 mibi
3032 5326 3406 5408 seliqendum,
3453 5323 3592 5403 quid
3614 5324 4064 5402 praetermitten-

840 5411 998 5483 dum,
1029 5411 1169 5494 quid
1196 5414 1465 5495 copiosius
1494 5415 1917 5496 explicandum,
1951 5418 2090 5499 quid
2119 5421 2370 5481 strictius
2398 5422 2835 5484 commitendam
2863 5442 2972 5485 esse
3001 5423 3306 5490 videretur,-
3333 5427 3629 5501 propterea
3657 5415 3804 5497 quod
3825 5418 4068 5497 plurimi
