4487 6316
174 1133 302 1175 Ὁιιιο
345 1149 477 1191 qnae-

201 1191 271 1231 stit
258 1204 367 1232 ιιιιικ
373 1192 436 1235 tae

175 1259 531 1350 &Sonus--

364 1250 473 1291 Ora-

178 1783 268 1825 Cur
285 1783 327 1825 ἰιι
345 1782 476 1827 ou·-

178 1843 292 1882 tione
324 1841 472 1884 cotici-

180 1898 382 1939 Soetrdoe
405 1898 472 1940 di-

317 1955 478 1998 otteri-

1832 506 1955 559 Lm.
1994 506 2061 559 11.
2099 506 2241 563 CAP.
2277 507 2339 561 X.
3455 507 3525 558 69

511 643 851 706 humilitatis
883 653 994 708 etc.
1028 648 1235 711 Postea
1267 658 1525 722 erectus,
1557 649 1797 712 elevans
1825 649 2048 724 oculos,

510 757 843 819 manusque
884 743 1260 821 expandens,
1297 755 1355 805 et
1387 744 1587 807 statim
1624 746 1885 827 jungens
1915 753 2055 806 ante

510 842 725 911 pectus
745 835 858 897 ait:
905 836 1036 897 Veni
1072 841 1449 919 sanctificator
1480 847 1590 901 etc.
1639 848 1700 901 et
1739 859 1876 900 cum
1911 839 2055 900 dicit

511 926 780 998 Benedic,
813 930 1058 993 dextera
1086 952 1269 994 manu
1301 953 1479 1014 super
1510 934 1782 996 Hostiam
1809 941 1870 996 et
1894 932 2052 995 Cali-

512 1040 640 1082 cem
672 1022 851 1084 simul
885 1024 1122 1107 signum
1153 1027 1357 1089 Crucis
1389 1028 1683 1108 producit.

640 1122 732 1178 16.
772 1119 860 1179 De
887 1118 1171 1183 Oratione
1207 1119 1509 1204 offerimus
1545 1125 1646 1183 tibi
1679 1123 1911 1184 Domine
1939 1122 2060 1185 duo

515 1211 724 1289 quaeri
748 1212 959 1274 solent:
990 1215 1252 1294 primum
1280 1216 1426 1297 quid
1456 1217 1564 1290 sit,
1594 1218 1755 1298 qnod
1778 1217 2061 1279 Sacerdos

515 1304 577 1365 in
610 1305 852 1368 Hostiae
884 1308 1188 1370 oblatione
1220 1311 1363 1372 dicit
1400 1309 1619 1394 offero,
1656 1318 1724 1373 ut
1755 1311 1947 1394 liquet
1983 1332 2059 1374 ex

510 1399 777 1479 praefata
809 1403 1124 1477 Oratione,
1160 1405 1392 1485 Suscipe
1421 1405 1629 1468 Sancte
1663 1406 1871 1478 Pater,
1902 1417 1960 1469 et
1997 1407 2060 1467 in

510 1492 814 1557 oblatione
840 1496 1053 1559 Calicis
1083 1499 1228 1560 dicit
1259 1498 1594 1581 offerimus:
1631 1501 1879 1575 deinde,
1912 1502 2061 1582 quid

510 1606 581 1649 ea
617 1590 801 1651 verba
828 1591 1167 1671 significent
1198 1593 1445 1657 Calicem
1470 1598 1774 1665 salutaris,
1816 1616 1952 1657 cum
1998 1594 2061 1656 in

512 1681 708 1746 Calice
734 1684 888 1746 nibil
923 1686 1089 1748 alind
1122 1709 1308 1769 qnam
1339 1690 1551 1752 vinnm
1581 1691 1978 1753 contineatur.

637 1782 729 1837 17.
759 1778 1023 1841 Primam
1056 1781 1668 1862 solvit-quaestionem
1691 1784 1867 1846 Card.
1896 1786 2061 1846 Bona

515 1871 652 1931 Rer.
707 1871 1061 1954 Liturgicar.
1099 1874 1206 1936 lib.
1244 1881 1302 1936 2.
1341 1897 1472 1957 cap.
1521 1884 1578 1938 9.
1631 1897 1799 1938 num.
1849 1885 1908 1938 5.
1955 1877 2058 1939 ubi

516 1963 622 2037 ait,
653 1964 716 2025 in
749 1965 1052 2031 oblatione
1076 1969 1290 2032 Calicis
1318 1971 1536 2033 idcirco
1562 1972 1702 2046 dici,
1732 1971 2056 2053 offerimus,

437 2072 479 2112 in
519 2058 681 2138 quod
723 2061 899 2140 juxta
942 2064 1278 2126 Romanum
1330 2067 1535 2128 Ritum
1579 2067 1727 2128 olim
1772 2068 1835 2127 in
1881 2067 2061 2129 Missa

465 2157 478 2165 '
517 2151 770 2214 solemni
815 2154 1097 2218 Sacerdos
1132 2158 1311 2220 simul
1356 2180 1489 2222 eam
1523 2159 1871 2222 Orationem
1910 2162 2060 2223 reci-

514 2246 681 2309 tabat
707 2267 844 2322 cum
879 2250 1162 2325 Diacono,
1188 2253 1293 2333 qui
1330 2254 1542 2315 vinnm
1575 2255 1639 2315 in
1675 2254 1933 2317 Calicem
1964 2255 2058 2315 in-

513 2338 780 2414 fuderat,
827 2352 887 2406 et
918 2346 1271 2427 sangninem
1312 2348 1535 2428 populo
1573 2349 1719 2410 olim
1765 2349 2062 2411 ministra-

513 2432 652 2507 bat3
687 2436 965 2498 eumdem
998 2457 1142 2500 vero
1168 2441 1389 2514 ritum,
1414 2441 1533 2520 qui
1575 2442 1652 2503 ad
1682 2442 1925 2504 Missam
1965 2462 2060 2504 so-

514 2524 774 2590 lemnem
802 2533 1144 2609 pertineret,
1176 2534 1237 2595 in
1263 2536 1444 2598 Missa
1477 2536 1711 2615 privata
1736 2544 2059 2611 retentum

513 2640 698 2702 quam
751 2624 1107 2688 solutionem
1167 2629 1546 2710 amplectitur
1598 2630 1783 2693 etiam
1838 2632 2062 2713 Pouget

518 2724 661 2777 tom.
695 2722 753 2777 2.
790 2720 982 2782 Instit.
1021 2721 1378 2786 Catholicar.
1416 2743 1554 2805 pag.
1587 2728 1723 2785 stt.

639 2815 729 2871 18.
769 2812 1035 2876 Alteram
1077 2816 1482 2879 difficultatem
1524 2818 1703 2880 diluit
1747 2818 2061 2880 Bellarmi-

517 2923 632 2965 nus
660 2914 804 2967 tom.
845 2913 903 2969 3.
942 2916 1304 2973 controvers.
1348 2912 1458 2974 lib.
1501 2918 1559 2973 6.
1594 2912 1668 2974 de
1701 2912 1881 2974 Missa
1925 2933 2055 2993 cap.

520 3002 614 3060 17.
647 3001 751 3081 qui
780 3002 1234 3078 animadvertit,
1269 3026 1389 3068 non
1420 3006 1536 3069 dici
1569 3006 1815 3068 Calicem
1849 3010 2064 3071 saluta-

514 3113 662 3165 rem,
691 3095 792 3156 sed
823 3094 1070 3157 Calicem
1096 3100 1401 3174 salutaris,
1435 3100 1585 3163 idest
1609 3099 1867 3163 Calicem
1893 3099 2062 3162 Chri-

512 3187 612 3262 sti,
637 3188 743 3268 qui
774 3188 1052 3264 instituit,
1079 3200 1148 3252 ut
1168 3193 1338 3255 Calix
1366 3193 1470 3255 ille
1493 3195 1810 3256 offerretur
1834 3203 1896 3255 et
1919 3214 2060 3256 con-

514 3290 865 3344 secraretur.
899 3284 1061 3367 Illud
1084 3286 1267 3348 etiam
1303 3287 1500 3361 addit,
1529 3287 1691 3368 quod
1717 3287 1947 3349 etiamsi
1976 3287 2064 3349 di-

512 3376 746 3437 ceretur
791 3376 1039 3439 Calicem
1082 3382 1390 3441 salutarem
1417 3428 1433 3451 ,
1486 3389 1685 3442 tamen
1726 3400 1869 3443 vera
1912 3389 2064 3443 esset

513 3487 723 3530 eornm
748 3472 1074 3533 verborum
1094 3474 1426 3548 sententia,
1455 3493 1612 3554 quae
1638 3473 1950 3536 reserenda
1977 3494 2063 3536 es-

511 3570 645 3623 sent
671 3583 793 3625 non
819 3566 895 3627 ad
922 3576 1291 3646 praesentem
1318 3567 1532 3630 Calicis
1558 3576 1809 3640 statum,
1838 3568 1941 3629 sed
1984 3567 2062 3630 ad

516 3676 686 3731 eum,
716 3677 838 3739 quo
865 3661 1220 3743 redigendus
1257 3670 1345 3724 est
1388 3682 1493 3743 per
1520 3661 2054 3724 Consecrationem.

518 3751 650 3813 Uno
697 3754 912 3827 verbo,
960 3774 1081 3835 quo
1123 3775 1299 3817 sensu
1350 3756 1413 3817 in
1458 3756 1777 3829 Oratione,
1830 3755 2062 3835 Suscipe

518 3842 737 3917 Sancte
762 3846 972 3918 Pater,
1002 3848 1148 3910 dicit
1187 3849 1501 3922 Sacerdos,
1538 3851 1682 3910 hanc
1725 3850 2061 3909 immacula-

519 3948 636 4000 tam
668 3939 933 4001 Hostiam
951 3990 964 4011 ,
993 3942 1201 4004 eodem
1227 3963 1405 4006 sensu
1447 3943 1511 4004 in
1540 3944 1826 4006 Oratione
1855 3941 2062 4025 offeri-

516 4052 640 4092 mus
665 4033 811 4095 dicit
835 4033 1083 4096 Calicem
1102 4038 1492 4109 salutaris‚·ut
1514 4037 1697 4099 etiam
1722 4035 2064 4097 oboervavit

517 4126 743 4209 Pouget
772 4127 900 4190 loco
927 4129 1027 4191 cit.

642 4228 736 4284 19.
777 4225 950 4299 Quod
978 4225 1152 4288 Calix
1188 4224 1348 4307 palla
1374 4226 1778 4307 cooperiatur,
1811 4225 1873 4287 id
1897 4225 2061 4288 omni

517 4326 681 4379 caret
726 4308 1041 4400 mysterio:
1077 4339 1150 4381 ea
1191 4321 1353 4382 enim
1400 4321 1597 4383 canitic
1637 4329 1756 4393 est,
1795 4340 1871 4381 ne
1913 4319 2061 4401 quid

512 4412 879 4475 extrinsecus
904 4414 966 4474 in
994 4414 1251 4476 Calicem
1287 4415 1551 4488 decidat,
1582 4422 1649 4477 ut
1685 4423 1813 4495 post
1841 4414 2060 4476 Micro-

515 4503 719 4588 logum
744 4508 1022 4570 observat
1044 4508 1351 4570 Gavantus
1376 4508 1441 4568 in
1468 4508 1796 4571 Comment.
1827 4507 1905 4570 ad
1936 4510 2059 4569 Ru-

458 4606 463 4611 ’
516 4600 665 4662 bric.
707 4600 981 4662 Missalis.
1029 4602 1205 4677 Quod
1245 4609 1448 4664 autem
1487 4602 1566 4664 ad
1606 4602 1759 4664 illud
1803 4602 2055 4675 attinet,

515 4694 678 4773 quod
696 4694 980 4757 Sacerdos
996 4696 1151 4758 inter
1169 4716 1232 4758 se
1244 4706 1305 4758 et
1324 4696 1580 4758 Calicem
1603 4704 1762 4758 recta
1787 4697 2059 4765 Hostiam

515 4786 786 4858 collocat,
803 4788 954 4850 scire
967 4797 1198 4869 oportet
1216 4789 1472 4851 Graecos
1487 4790 1710 4851 Panem
1731 4798 1793 4851 et
1804 4789 2055 4864 Vinum,

517 4899 622 4939 seu
651 4880 924 4942 Hostiam
954 4890 1015 4943 et
1045 4882 1302 4944 Calicem
1341 4883 1424 4945 ita
1453 4882 1650 4943 locare
1671 4927 1688 4955 ,
1724 4891 1794 4944 ut
1834 4882 2058 4943 lineam

518 4980 742 5034 rectam
786 4994 822 5035 a
864 4973 1050 5036 latere
1088 4976 1165 5037 ad
1200 4974 1357 5037 latus
1399 4975 1699 5049 efficiant3
1741 4975 1902 5055 quod
1952 4975 2058 5036 diu

515 5065 697 5127 etiam
738 5066 988 5128 retinnit
1028 5071 1295 5143 Romana
1323 5069 1622 5144 Ecclesia3
1659 5070 1868 5132 scribit
1897 5070 2060 5132 enim

514 5158 876 5242 Micrologus
901 5181 1030 5241 cap.
1070 5168 1160 5224 10.
1192 5163 1287 5224 Ita
1304 5165 1487 5242 juxta
1518 5165 1835 5225 Romanum
1880 5163 2057 5225 Ordi-

515 5272 641 5313 nem
661 5255 723 5311 in
738 5251 938 5315 Altari
953 5258 1321 5336 coretptmenda
1336 5268 1493 5329 sunt,
1516 5269 1580 5318 ut
1607 5256 1817 5320 Oblata
1836 5261 1899 5318 in
1922 5257 2060 5318 Cor·

514 5348 707 5424 parali
728 5350 916 5427 posita
939 5396 954 5419 ,
992 5347 1171 5410 Calioe
1198 5352 1273 5411 ad
1298 5353 1591 5412 dexterum
1633 5354 1780 5414 latus
1820 5350 2057 5413 Oblatas

512 5449 763 5535 ponatur
786 5486 800 5509 ,
832 5444 997 5520 quasi
1023 5446 1351 5521 sanquinem
1392 5443 1622 5504 Domini
1658 5457 2053 5527 suscepturus:

2160 670 2332 728 quam
2359 652 2424 711 de
2448 651 2620 711 latere
2641 652 2936 712 Dominico
2949 652 3294 734 profluxisse
3312 648 3607 712 creditum.
3639 648 3707 708 [n

2160 744 2498 807 Annalibus
2525 746 2811 829 Wadingi
2843 754 3011 809 extat
3055 742 3305 827 epistola
3339 745 3408 805 B.
3456 737 3708 805 «loannis

2162 840 2498 901 Parmensis
2535 840 2780 902 Ordinis
2823 841 3130 903 Minorum
3166 840 3307 901 VH.
3355 836 3700 910 GeneraliS,

2160 933 2267 1011 qui
2294 933 2447 996 obiit
2478 954 2639 998 anno
2679 941 2850 998 1289.
2888 936 3142 1016 ideoque
3173 933 3391 995 multos
3425 940 3556 1013 post
3587 930 3704 992 Mi-

2162 1025 2469 1109 crologum
2494 1050 2684 1093 annos
2704 1077 2723 1105 ,
2753 1031 2816 1092 in
2843 1049 2966 1111 qua
2988 1031 3164 1113 jubet
3189 1029 3430 1089 Fratres
3462 1024 3710 1087 Proxin-

2163 1119 2291 1183 ciae
2319 1122 2597 1186 Etruriae
2614 1126 2791 1206 juxta
2819 1124 3023 1185 Ritnm
3066 1125 3367 1190 Romanae
3410 1119 3709 1195 Ecclesiae

2167 1210 2363 1275 locare
2377 1215 2648 1286 Hostiam
2661 1218 2738 1279 ad
2758 1216 3065 1278 sinistram
3085 1212 3416 1304 Sacerdotis
3437 1231 3708 1287 manum,

2170 1315 2228 1368 et
2240 1307 2499 1371 Calicem
2511 1311 2588 1373 ad
2606 1311 3139 1392 ipsins‘dexteram.
3167 1310 3245 1369 Et
3265 1308 3347 1370 Le
3371 1295 3550 1368 Brnn'
3565 1314 3708 1398 tom⁰¹

2175 1407 2226 1463 t.
2263 1423 2396 1484 pag.
2440 1410 2575 1466 318.
2624 1414 2795 1485 putat
2831 1405 3037 1466 Ritum
3072 1401 3400 1465 collocandi
3441 1399 3716 1482 Hostiam

2171 1506 2331 1560 recta
2375 1498 2531 1560 inter
2575 1499 2990 1572 Sacerdotem,
3038 1506 3099 1561 et
3136 1496 3394 1560 Calicem
3436 1492 3716 1576 usurpari

2171 1611 2240 1652 ct.
2228 1592 2434 1672 episse
2465 1612 2627 1655 anno
2658 1599 2833 1654 1485.

2294 1692 2391 1748 20.
2415 1688 2689 1769 Denique
2702 1708 2936 1762 earum,
2959 1687 3032 1748 de
3049 1685 3273 1766 quibus
3289 1683 3607 1762 dicendum
3627 1702 3719 1742 ro-
3758 1684 4047 1787 gemo-'L

3761 1815 3868 1899 :piu
3900 1801 3994 1843 deu

3808 1816 4046 1925 spondi·

3777 1916 3995 1960 edoctum·

2170 1787 2321 1853 stat,
2353 1780 2751 1854 orationum,
2781 1781 2853 1841 In
2878 1782 3087 1861 spiritu
3118 1779 3497 1846 huntilitatis,
3536 1787 3587 1835 et
3625 1774 3722 1836 le-

2173 1875 2237 1933 ni
2268 1871 2707 1955 Sanctificator,
2740 1874 2937 1954 prima
2966 1880 3055 1933 est
3087 1871 3152 1931 in
3190 1868 3418 1932 Missali
3450 1869 3720 1930 Mozara·
3762 1865 3807 1956 ,Ρ

2170 1966 2327 2040 bico,
2348 1968 2490 2029 etin
2507 1969 2788 2029 omnibns
2809 1966 3153 2030 Missalibus
3176 1973 3304 2027 tum
3322 1963 3571 2025 vetustis
3590 1969 3720 2023 tum

2172 2048 2644 2136 recentioribus;
2684 2062 2874 2124 altera
2909 2061 3117 2122 itidem
3160 2057 3560 2121 vetustissima
3601 2068 3709 2119 est.

2170 2156 2372 2219 Prima
2404 2157 2748 2240 desumpta
2739 2165 2827 2218 est
2855 2176 2931 2217 ex
2962 2154 3248 2217 Oratione
3278 2153 3461 2215 trium
3492 2153 3717 2214 Puero-

2169 2269 2308 2311 rum
2333 2250 2439 2331 qui
2467 2235 2823 2332 Babylone'
2807 2270 2871 2312 ιιι
2896 2249 3098 2332 ignem
3122 2246 3369 2329 conjecti
3396 2254 3537 2336 sunt
3554 2291 3571 2318 ,
3604 2247 3719 2308 Da-

2173 2342 2349 2414 nielis
2372 2365 2423 2405 c.
2462 2349 2520 2405 3.
2551 2344 2624 2404 In
2648 2347 2838 2405 aninto
2859 2343 3100 2404 contrito
3124 2351 3173 2401 et
3200 2342 3410 2422 spiritu
3432 2340 3721 2400 hamilita-

2173 2439 2243 2498 tis
2277 2440 2654 2519 sttscipiamur
2675 2458 2695 2498 .·
2733 2439 2878 2499 siem
2925 2439 2987 2496 in
3030 2437 3345 2496 holocausto
3390 2435 3633 2494 ariemm
3667 2441 3720 2494 et

2175 2541 2493 2602 taurorum,
2520 2543 2569 2592 et
2589 2534 2732 2592 sicut
2751 2534 2815 2590 in
2834 2531 3083 2589 millibus
3100 2547 3376 2608 aqam-um
3391 2528 3717 2607 pinquium,

2170 2626 2248 2684 sic
2276 2625 2380 2706 fiat
2403 2626 2742 2707 sacrificium
2771 2618 3024 2684 nostrum
3057 2624 3121 2682 in
3146 2631 3433 2701 conspectu
3485 2631 3579 2679 tuo
3602 2620 3717 2706 ¹ho·-

2172 2719 2260 2778 die
2287 2767 2303 2789 ‚
2345 2730 2410 2779 ut
2433 2722 2655 2800 placeat
2695 2720 2841 2790 tibi,
2888 2719 3156 2797 quoniam
3193 2735 3308 2775 non
3348 2725 3426 2775 est
3468 2714 3719 2793 confusio

2171 2815 2565 2894 confidentibus
2591 2815 2656 2873 in
2687 2824 2780 2881 te,·
2815 2823 2864 2873 et
2891 2832 3041 2873 nunc
3078 2812 3363 2890 sequimur
3408 2819 3456 2870 te
3495 2812 3559 2869 in
3604 2820 3716 2870 toto

2169 2908 2329 2967 corde
2354 2955 2370 2977 ,
2401 2919 2449 2968 et
2479 2911 2729 2968 timemus
2758 2918 2806 2967 te
2835 2917 2886 2967 et
2932 2908 3252 2987 quaerimus
3293 2905 3492 2984 faciem
3530 2915 3708 2965 tuam.

2170 3001 2260 3063 Ne
2283 3003 2590 3080 confundas
2616 3022 2714 3062 nos
2742 3051 2766 3082 ,Ι
2789 3003 2882 3062 sed
2911 3003 3002 3080 sac
3027 3001 3310 3060 nobiscum
3335 3001 3520 3078 juxta
3549 3019 3714 3060 ntan-

2168 3098 2512 3157 suetudinem
2541 3108 2700 3158 tuam
2720 3106 2771 3156 et
2789 3096 3089 3156 secundum
3109 3094 3529 3155 multitudinem
3551 3095 3713 3153 mise-

2170 3193 2445 3253 ricordiae
2479 3204 2626 3253 tuae.
2659 3191 2834 3266 Quod
2859 3210 3004 3252 vero
3029 3182 3242 3252 attinet
3268 3189 3345 3253 ad
3366 3188 3619 3250 alteram
3644 3186 3714 3247 il-

2167 3285 2291 3347 lam
2331 3287 2678 3357 Orationem
2699 3331 2716 3359 ,
2762 3285 2900 3347 Veni
2926 3286 3276 3367 santificator
3300 3332 3315 3354 ,
3355 3302 3711 3365 supervaca-

2172 3401 2352 3444 neum
2377 3390 2466 3444 est
2499 3400 2741 3442 monere
2767 3427 2782 3447 .
2813 3388 3056 3461 propter
3082 3399 3153 3441 ea
3184 3379 3370 3441 verba
3395 3422 3412 3449 ,
3446 3375 3713 3457 Omnipo-

2171 3489 2286 3536 tens
2324 3488 2579 3538 aeternae
2629 3475 2776 3536 Deus
2803 3523 2820 3547 ,
2864 3474 3149 3536 directam
3194 3472 3360 3552 illam
3385 3470 3588 3532 'videri
3632 3469 3711 3532 ad

2170 3572 2440 3643 Patrem,
2469 3590 2574 3632 seu
2602 3567 3123 3636 indiscriminatim
3149 3567 3225 3629 ad
3255 3575 3371 3628 tres
3400 3566 3710 3638 Personas,

2167 3683 2325 3744 quae
2357 3672 2498 3726 sunt
2522 3684 2680 3725 unus
2707 3665 2864 3725 Deus
2890 3684 2906 3735 ;
2946 3681 3153 3723 revera
3186 3668 3387 3723 autem
3420 3659 3498 3721 ad
3523 3652 3709 3738 Spiri-

2170 3766 2300 3820 tum
2332 3758 2616 3821 Sanctum
2644 3757 2824 3840 dirigi
2854 3777 2869 3818 ε
2905 3763 3270 3837 quapropter
3295 3754 3363 3814 in
3401 3752 3710 3834 aliquibus

2168 3852 2445 3914 Ecclesiis
2463 3852 2695 3914 Galliae
2719 3851 2866 3912 olim
2889 3851 3251 3912 recitabatur
3279 3847 3544 3931 hymnus
3574 3845 3713 3907 Veni

2174 3946 2411 4009 Creator
2436 3946 2693 4028 Spiritus
2719 3995 2733 4016 ‚
2767 3944 2860 4007 vel
2907 3945 3041 4007 Veni
3067 3944 3274 4005 Sancte
3308 3943 3597 4023 Spiritus,
3628 3961 3713 4001 re-

2164 4042 2258 4121 ple
2307 4052 2408 4103 etc.
2452 4051 2514 4104 et
2550 4041 2614 4102 in
2662 4040 2843 4102 Missa
2883 4038 3258 4100 Mozarabica
3304 4037 3524 4098 dicitur
3576 4035 3714 4096 Veni

2173 4133 2418 4197 Sanctae
2436 4133 2692 4214 Spiritus
2710 4134 3105 4215 sanctificator.
3130 4131 3470 4193 Consonant
3487 4137 3716 4193 veteres

2171 4228 2480 4314 Liturgiae
2505 4227 2800 4290 Ecclesiae
2831 4228 3091 4288 Graecae
3121 4234 3182 4287 et
3215 4224 3504 4287 Latinae.
3539 4223 3603 4283 in
3637 4221 3711 4284 iis

2168 4324 2333 4384 enim
2385 4322 2648 4403 petitur,
2701 4330 2767 4383 ut
2808 4320 2965 4403 ignis
3004 4319 3261 4401 Spiritus
3316 4316 3515 4380 Sancti
3551 4313 3712 4377 dela·-

2171 4417 2393 4490 batur,
2440 4414 2833 4497 absumatquc
2877 4435 3091 4495 panem
3144 4421 3205 4476 et
3246 4413 3505 4484 vinum,
3546 4419 3606 4473 et
3647 4411 3714 4473 in

2169 4510 2398 4590 Corpus
2436 4517 2497 4571 et
2533 4509 2898 4590 Sanguinem
2940 4507 3160 4569 Christi
3197 4513 3544 4568 convertat:
3585 4521 3709 4584 quo

2170 4605 2416 4685 quidem
2438 4604 2611 4666 nobis
2630 4603 2987 4675 declaratur,
3012 4601 3517 4683 quemadmodum
3544 4598 3714 4660 Chri-

2167 4697 2241 4758 sti
2271 4698 2500 4779 Corpus
2521 4696 2779 4777 Spiritus
2803 4695 3000 4756 Sancti
3022 4714 3203 4775 opera
3226 4693 3290 4754 in
3311 4691 3609 4774 virginali
3635 4693 3703 4752 B.

2167 4792 2395 4854 Mariae
2424 4801 2595 4852 utero
2624 4790 2945 4867 formatum
2980 4789 3137 4865 fuit,
3186 4789 3271 4851 ita
3314 4807 3420 4868 per
3453 4786 3712 4853 eundem

2165 4884 2457 4965 Spiritum
2483 4884 2766 4945 Sanctum
2787 4882 2995 4953 confici
3017 4901 3195 4963 super
3216 4882 3438 4943 Altare.
3469 4880 3597 4940 Hoc
3617 4898 3710 4939 ar-

2166 4986 2521 5061 gumentum
2546 4976 2781 5059 egregie
2803 4976 3079 5038 tractavit
3100 4977 3416 5036 Bossuetus
3446 4973 3511 5033 in
3533 4958 3715 5051 expli·

2165 5084 2276 5134 cat.
2312 5073 2688 5152 quarumdam
2731 5072 3167 5150 difficultatum,
3212 5089 3354 5149 quae
3389 5069 3455 5127 in
3496 5066 3712 5128 Missae

2169 5164 2536 5228 Orationibus
2559 5177 2858 5227 occurrunt
2891 5184 3019 5246 cap.
3060 5171 3118 5225 5.
3155 5172 3215 5225 et
3244 5168 3303 5223 6.

2284 5264 2382 5320 21.
2428 5259 2493 5320 ld
2525 5278 2669 5321 vero
2707 5259 2888 5343 etiam
2931 5258 3196 5340 apertius
3231 5252 3593 5335 intelligitur
3637 5273 3715 5314 ex
3751 5301 3910 5345 mmm

2165 5350 2273 5414 illo
2300 5353 2485 5415 verbo
2528 5352 2709 5423 Veni:
2739 5372 2878 5415 nam
2905 5355 3082 5435 juxta
3109 5369 3414 5413 sacrarum
3442 5346 3710 5426 Scriptu-
3752 5365 3797 5402 tu
3800 5374 3840 5400 m
3841 5313 4038 5421 ispi:

2166 5465 2372 5508 rarum
2407 5445 2772 5521 idiotismum
2803 5447 2951 5508 duas
2980 5454 3212 5509 tantum
3239 5440 3569 5514 Personas»,
3614 5440 3709 5501 Fi·
3749 5419 4041 5519 ζῖζηῗεξῖξ
