4487 6316
1291 493 1529 549 ΟΡΕΒΙΒ
1560 494 1651 547 DE
1680 493 1946 557 FESTtS,
1986 495 2086 548 m·
2124 493 2216 546 BE
2253 492 2630 552 ,sacmrtclo
2666 498 2881 550 mssAE

3377 498 3473 547 301

486 637 804 712 'Academia
842 636 1248 701 Consiliorum
1271 681 1288 709 ,
1333 657 1491 718 quae
1522 637 1860 699 habebatur
1898 639 2018 699 Ro-
2067 647 2078 672 ⁸
2126 638 2350 702 Romae
2379 640 2440 699 in
2471 640 2739 720 Eugenio
2769 639 3181 702 III.·Gratiani
3209 640 3375 720 Opus
3399 639 3659 720 appellat

484 751 619 795 mae
644 733 711 796 in
746 733 1009 814 Collegio
1039 723 1392 802 urbanosde
1421 731 1811 812 Propaganda
1839 731 2015 803 Fide,

492 826 559 887 in
577 844 701 907 qna
720 826 1096 888 Praefatione
1116 825 1323 887 multis
1349 825 1824 896 auctoritatibus,
1840 832 2024 914 atque

492 915 783 1000 exemplis
812 920 1058 1001 planum
1074 965 1091 994 ,
1109 929 1520 1000 apertumque
1545 919 1687 997 facit
1703 964 1720 992 ,
1753 919 1933 980 licere
1959 919 2022 979 in

495 1013 671 1089 Italia
694 1014 903 1076 Italica
926 1015 1150 1096 ‚lingua
1183 1033 1276 1075 res
1301 1014 1536 1094 aliquas
1564 1014 1742 1075 etiam
1772 1013 1981 1074 Sacras
2003 1057 2021 1085 ,

489 1114 553 1168 et
579 1106 982 1189 Theologicas3
1007 1114 1114 1169 aut
1132 1107 1366 1168 criticas
1382 1107 1684 1186 explicare
1707 1106 1869 1186 quod
1886 1106 2024 1168 lau-

490 1200 666 1262 datae
693 1201 1046 1263 Academiae
1068 1200 1327 1281 positum
1352 1201 1417 1261 in
1449 1219 1618 1261 more
1636 1199 1852 1271 fuerat,
1878 1198 2027 1259 dum

494 1293 558 1355 id
582 1313 655 1356 ea
681 1293 914 1356 ratione
945 1294 1052 1357 fiat
1068 1339 1085 1368 ,
1117 1313 1298 1375 quam
1326 1301 1438 1356 ‘nos
1462 1292 1639 1373 sequi
1658 1291 2024 1364 curavimus,

492 1386 811 1456 sacrarum
855 1387 1135 1449 videlicet
1171 1387 1617 1467 Scripturarum
1641 1430 1659 1458 ,
1695 1393 1755 1446 et
1781 1385 2026 1446 Sancto-

490 1480 906 1544 rum-‘Petrum
951 1481 1095 1543 locis
1135 1480 1342 1562 lingua
1375 1489 1605 1542 tantum
1635 1479 1849 1541 Latina
1874 1477 2027 1540 alla-

488 1575 566 1635 tis
581 1619 598 1646 ‚
627 1574 972 1636 ubieorum
1000 1594 1152 1655 opus
1176 1573 1294 1636 ruit
1317 1574 1682 1652 auctoritate,
1701 1573 1812 1634 uti.
1972 1613 1979 1618 -

610 1673 670 1728 8.
706 1667 840 1728 Non
874 1669 1119 1736 desunt.
1148 1669 1256 1749 qui
1300 1668 1426 1732 sola
1469 1668 1713 1749 linguae
1741 1667 1836 1728 vel
1866 1665 2028 1728 Lati·

496 1779 639 1834 nae,
670 1760 767 1823 vel
812 1761 1078 1825 Gallicae
1102 1763 1442 1844 cognitione
1476 1781 1596 1823 non
1639 1761 1921 1823 dubitant
1962 1760 2027 1822 in

494 1852 811 1926 bominum
836 1865 1007 1918 coetu
1025 1856 1332 1920 effundere
1353 1856 1605 1918 audaces
1621 1854 1908 1936 quasdam
1931 1872 2031 1916 vo-

492 1949 689 2025 culas,
721 1959 780 2012 et
806 1950 1148 2031 opiniones,-
1177 1970 1337 2032 quae
1362 1952 1438 2013 ad
1465 1951 1783 2012 Sacrorum
1816 1957 2033 2029 myste—

495 2043 726 2105 riorum
771 2054 1178 2126 contemptum
1226 2045 1513 2118 tendunt,
1561 2064 1756 2125 neque
1800 2044 2033 2114 addunt

498 2137 608 2200 bas
634 2138 883 2201 minime
909 2141 1160 2219 probas,
1205 2160 1275 2202 ac
1305 2160 1475 2202 veras
1500 2159 1656 2211 esse,
1689 2147 1749 2200 et
1773 2158 1811 2200 a
1837 2137 2031 2222 plur-if

497 2231 613 2291 bus
641 2231 1044 2312 scriptoribus
1067 2234 1331 2315 ejusdem
1360 2233 1650 2306 nationis,
1680 2241 1824 2312 puta
1842 2276 1858 2304 ,
1888 2230 2032 2292 Gal-

497 2321 678 2397 licae,
709 2326 1077 2406 improbatas
1096 2315 1119 2400 ,¹
1144 2335 1204 2389 et
1232 2327 1568 2389 confutatas
1593 2372 1610 2399 ,
1639 2327 1800 2405 quod
1830 2323 2035 2385 multis

496 2419 683 2481 exitio
707 2439 833 2495 esse
861 2428 1070 2501 potest.
1108 2423 1259 2483 Nam
1302 2422 1365 2482 in
1397 2420 1798 2483 familiaribus
1824 2418 2035 2480 Italiae

2127 734 2492 792 utilissimum
2532 735 2720 812 ymeri
2745 733 3112 794 Sacerdotum
3126 781 3141 804 ,
3184 736 3330 812 quod
3358 732 3515 814 Opus
3541 741 3659 793 om-

2131 844 2223 883 nes
2256 827 2402 885 docti
2423 828 2665 905 plurimi
2686 828 2863 904 [acere
2902 846 2968 887 ac
3000 827 3234 887 laudare
3258 838 3551 905 coquntur.
3589 829 3663 888 Et

2130 917 2307 978 Card.
2355 920 2648 980 Batonius
2685 940 2846 981 anno
2893 919 3113 981 Christi
3165 925 3339 980 1151.
3389 920 3662 988 Codicem

2130 1011 2401 1073 Gratiani
2437 1024 2635 1085 vocat,
2670 1013 2826 1093 Opus
2849 1017 3117 1093 suaptim-i
3139 1016 3325 1075 studio
3356 1016 3663 1088 collectum,

2134 1115 2186 1163 et
2214 1107 2325 1165 rito
2356 1107 2705 1185 disponitum.
2742 1109 2821 1168 At
2860 1108 3282 1179 concedamus,
3326 1115 3395 1168 ut
3425 1107 3664 1172 concedi

2131 1206 2396 1277 oportet,
2426 1198 2591 1278 Opus
2616 1199 2888 1262 Gratiani
2923 1199 3126 1260 multis
3148 1195 3457 1262 erroribus
3481 1200 3668 1261 refer‘-

2121 1297 2262 1377 ‘tum
2290 1310 2447 1364 esse,
2476 1293 2581 1371 qui
2618 1293 2871 1354 decursu
2901 1287 3183 1373 temporis
3214 1295 3293 1354 ab
3322 1293 3670 1356 bominibus

2134 1403 2301 1445 sacra
2341 1385 2702 1466 antiquitate
2750 1387 3121 1466 peritissimis
3164 1388 3431 1469 castigati
3485 1395 3668 1460 suntg

2137 1480 2343 1560 negari
2371 1488 2579 1541 -tamen
2603 1482 2852 1543 omniuo
2874 1482 3105 1561 nequit,
3127 1501 3257 1544 eam
3286 1482 3467 1543 fuisse
3492 1481 3675 1564 hujus

2135 1572 2350 1652 Operis
2376 1573 2749 1647 felicitatem,
2784 1583 2853 1637 ut
2876 1576 3076 1638 statim
3112 1596 3181 1637 ac
3209 1576 3269 1636 in
3302 1576 3490 1636 lucem
3535 1595 3673 1655 pro-

2136 1666 2280 1738 diit,
2313 1666 2556 1728 relictae
2580 1667 2807 1729 fuerint
2834 1668 3120 1749 antiquae
3148 1669 3460 1730 Canonum
3489 1668 3670 1731 colle-

2134 1753 2359 1820 ctiones
2383 1761 2734 1842 a’Dionysio
2760 1763 3017 1844 Exigue,
3051 1762 3301 1835 Isidoro,
3331 1749 3670 1835 Cresconio,

2137 1853 2515 1928 Burcbard0‚
2547 1857 2733 1920 lvone
2750 1857 3154 1937 conscriptae,
3185 1864 3244 1919 et
3270 1857 3540 1917 Gratiani
3567 1858 3676 1920 Do*

2136 1956 2365 2008 cretum
2400 1949 2460 2009 in
2495 1949 2714 2010 scholis
2754 1951 2975 2030 exponi
3002 1951 3280 2032 coeperit.
3313 1949 3489 2024 Quod
3532 1951 3672 2030 qui-

2135 2039 2271 2100 dem
2314 2041 2637 2120 prudenter
2680 2043 3168 2118 animadvertunt
3212 2043 3273 2104 S.
3329 2044 3669 2104 Antoninus

2138 2142 2307 2212 parte
2332 2135 2509 2206 tertia
2538 2155 2784 2197 suorum
2815 2136 3245 2199 Chronicor'um
3276 2133 3366 2198 tit.
3412 2142 3503 2197 18.
3536 2155 3667 2216 cap.

2139 2232 2198 2286 6.
2236 2227 2571 2289 Cardinalis
2601 2228 3001 2291 Bellarminus
3025 2276 3042 2303 ‚
3094 2249 3229 2291 cum
3280 2228 3552 2310 loquitur
3596 2229 3673 2290 de

2136 2319 2426 2381 Gratiano
2448 2321 2509 2381 in
2525 2321 2928 2402 scriptoribus
2955 2322 3395 2394 Ecclesiasticis,
3420 2322 3679 2384 celeber-

2143 2412 2332 2473 rimus
2357 2415 2654 2476 Antonius
2677 2416 3052 2502 Augustinus
3073 2417 3135 2477 in
3167 2415 3536 2497 praefatione
3563 2433 3676 2475 an-

498 2513 891 2575 conventibus
908 2534 1045 2576 cum
1072 2516 1281 2577 italice
1301 2516 1485 2577 verba
1509 2514 1641 2576 fieri
1663 2512 1913 2585 soleant,
1936 2532 2038 2573 ne-
2144 2505 2451 2586 liqunmm
2487 2509 2887 2578 Docretalium
2915 2511 2992 2571 ad
3019 2510 3378 2590 Gregorium
3405 2510 3578 2570 XIII·
3607 2509 3676 2576 td

499 2624 620 2684 que
646 2606 867 2669 ibidem
895 2627 1101 2670 omnes
1135 2609 1402 2691 linguam
1432 2609 1705 2671 Latinam
1732 2607 2032 2680 calleant,

2140 2609 2506 2666 autemnon
2540 2602 2733 2668 solum
2775 2603 2957 2683 Operi
3005 2604 3255 2665 debetur
3298 2623 3403 2683 per
3443 2621 3506 2663 se
3537 2615 3684 2663 nne

499 2708 606 2761 aut
637 2700 906 2781 linguam
935 2702 1258 2776 Gallicam,
1303 2703 1576 2783 quisquis
1607 2723 1734 2763 rem
1768 2701 2034 2781 aliquam
2138 2694 2403 2757 maximo
2425 2742 2442 2768 ,
2471 2716 2685 2758 verum
2724 2697 2907 2760 etiam
2944 2697 3182 2777 plausui
3224 2697 3365 2759 dato
3393 2715 3431 2758 a
3474 2695 3676 2776 publi-

500 2793 879 2873 peregrinam
906 2794 1106 2864 audit,
1132 2814 1265 2857 eam
1299 2804 1497 2857 mente
1539 2795 1794 2866 retinet,
1827 2811 2037 2856 rursus
2086 2751 2093 2898 ε
2143 2788 2227 2850 cis
2243 2788 2562 2852 Sacrorum
2584 2791 2896 2858 Caunum
2917 2790 3273 2852 Ductoribus
3291 2787 3681 2850 Bononiensis

500 2884 1036 2967 dictitat‚·eamque
1049 2889 1279 2969 spargit
1296 2889 1362 2950 in
1384 2890 1623 2970 vulgus,
1644 2907 1840 2968 neque
1858 2888 1914 2948 ei
1939 2907 2038 2949 cu-

502 2996 607 3040 rae
631 2985 721 3040 est
741 2978 1055 3059 inquirere
1084 3000 1233 3042 vera·
1253 3001 1330 3043 ne
1353 2982 1468 3053 sit,
1495 2999 1573 3043 an
1604 2982 1793 3053 falsa,
1830 2991 1988 3042 recta
2014 3026 2033 3053 ,

499 3089 580 3150 an
607 3087 794 3133 sectis.
826 3073 896 3133 In
936 3073 1049 3134 boc
1073 3081 1273 3136 autem
1301 3085 1515 3136 nostro.
1549 3074 1743 3154 Opere
1767 3073 2036 3148 contine-

501 3173 605 3227 tur
624 3166 982 3240 antidotum,
1013 3167 1175 3248 quod
1204 3169 1510 3251 propinari
1538 3178 1696 3229 certe
1731 3187 1849 3228 non
1878 3175 2037 3247 pote-

500 3266 629 3333 rat,
660 3259 776 3321 nisi
824 3259 1031 3341 lingua
1064 3261 1268 3323 Italica
1307 3281 1443 3322 cum
1474 3261 1581 3342 qui
1610 3281 1907 3337 venenum
1942 3280 2036 3323 se-

502 3351 620 3413 mel
651 3352 941 3425 ebiberit,
972 3354 1029 3414 ei
1067 3372 1190 3414 non
1219 3354 1343 3416 alio
1372 3354 1580 3426 modo,
1612 3373 1796 3433 quam
1825 3353 2037 3415 Italico

501 3444 783 3525 idiomate
809 3446 1077 3525 accipere
1096 3446 1451 3517 medicinam
1479 3446 1672 3507 liceat.
1709 3446 1872 3508 Haec
1895 3466 2038 3527 ergo

498 3539 797 3602 scribendi
828 3540 1080 3613 occasio,
1112 3539 1258 3627 baec
1284 3539 1555 3612 materia,
1586 3539 1733 3609 haec
1754 3546 1842 3600 est
1869 3539 2037 3603 utili·

500 3639 611 3705 tas,
627 3642 687 3694 et
709 3634 807 3695 bic
826 3630 996 3705 ordo,
1016 3652 1196 3713 quem
1211 3633 1617 3715 judicavimus
1634 3633 1696 3693 in
1719 3632 2039 3712 hocopeno

501 3726 996 3805 amplectendum.
1025 3727 1174 3787 Cum
1204 3734 1404 3788 autem
1427 3726 1730 3805 reliquum
1753 3725 1851 3799 sit,
1875 3733 1943 3785 ut
1964 3723 2037 3789 fi-

502 3828 642 3880 nem
681 3818 854 3889 nobis
880 3817 1249 3898 propositum
1282 3836 1688 3898 exponamus,
1725 3816 1963 3879 veniam
2001 3835 2039 3879 a

503 3910 745 3971 Lectore
772 3910 1048 3990 petimus,
1074 3918 1142 3987 ut
1173 3910 1344 3972 nobis
1371 3911 1547 3972 liceat
1572 3911 1907 3972 studiorum
1930 3912 2037 3972 Ec-

502 4004 986 4076 clesiasticorum,
1015 4004 1452 4083 Sacrorumque
1475 4005 1764 4065 rationem
1788 4004 2036 4065 exhibe-

506 4116 574 4159 re
595 4143 613 4171 ,
645 4117 766 4178 qua
795 4097 940 4158 haec
978 4097 1125 4157 olim
1152 4098 1373 4163 Civitas
1404 4099 1717 4170 utebatur,
1755 4107 1936 4178 atque
1973 4098 2038 4158 in

505 4192 980 4270 praesentiarum
1002 4192 1216 4264 utitur3
1241 4213 1377 4253 cum
1400 4192 1546 4254 haec
1569 4193 1669 4255 via
1696 4193 1774 4254 sit
1802 4212 1922 4272 qua
1950 4191 2036 4254 fe-

507 4286 730 4358 liciter,
760 4304 882 4366 quo
903 4286 1338 4358 contendimus,
1374 4287 1687 4367 pervenire
1720 4287 2031 4367 possimus.

504 4382 594 4445 De
613 4379 827 4442 studiis
850 4387 1081 4440 tautum
1101 4379 1317 4452 Sacris,
1334 4395 1391 4449 et
1406 4380 1829 4443 Ecclesiasticis
1851 4380 2034 4441 verba

504 4473 778 4545 facimus,
808 4481 1119 4553 propterea
1142 4474 1303 4553 quod
1323 4474 1397 4535 de
1423 4470 1690 4554 profanis
1712 4473 1908 4537 dicere
1931 4493 2037 4554 pa·

505 4586 642 4628 rum
672 4575 873 4627 nostra
903 4565 1183 4643 interesse
1208 4567 1411 4639 debet,
1433 4566 1549 4628 nisi
1568 4575 1864 4647 quatenus
1890 4566 2036 4628 haec

505 4679 750 4740 quoque
774 4659 851 4722 ad
876 4659 1282 4725 Ecclesiastica
1307 4668 1367 4721 et
1391 4660 1570 4722 Sacra
1595 4661 1792 4722 studia
1810 4662 2037 4723 condu-

502 4764 668 4821 cunt.
695 4754 825 4828 Qu‘r
838 4753 1060 4814 dixerit
1076 4753 1231 4815 banc
1248 4754 1468 4817 Urbem
1491 4774 1692 4816 veram
1710 4755 2039 4837 jurisPon-

506 4848 678 4915 tificii
704 4846 902 4927 sedem
930 4867 1061 4918 non,
1072 4847 1357 4921 extitisse,
1378 4848 1432 4909 is
1452 4848 1696 4929 quidem
1725 4849 2037 4910 veritatem

513 4940 644 5017 luce
675 4940 991 5007 clariorem
1031 4938 1421 5009 inficiabitur.
1469 4941 1772 5003 Bononiae
1814 4942 2039 5021 quippe

507 5032 743 5094 saeculo
769 5032 1118 5095 duodecimo
1145 5032 1209 5093 in
1236 5032 1595 5097 Monasterio
1626 5030 1728 5094 SS.
1762 5033 2034 5105 Naboris,

506 5136 569 5187 et
596 5126 807 5188 Felicis
838 5147 875 5188 a
900 5127 1188 5188 Gratiano
1221 5128 1515 5190 Monacho
1541 5130 1854 5190 Decretum
1874 5173 1892 5203 ,
1934 5148 2045 5190 seu

510 5214 969 5300 discrepantium
995 5221 1306 5283 Canonum
1330 5222 1719 5306 congruentia
1746 5222 2039 5303 descripta

508 5314 644 5377 fuit.
676 5314 853 5389 Queat
883 5314 1127 5394 quidem
1154 5316 1320 5400 Opus
1343 5317 1450 5377 etsi
1479 5334 1516 5376 a
1545 5316 1750 5377 multis
1777 5325 2039 5390 notetur,

517 5418 713 5485 tamen
736 5407 1017 5493 Pqiiriua
1032 5404 1341 5475 umentis
1366 5410 1474 5472 lib.
1509 5410 1586 5470 V.
1615 5410 2043 5492 Episcoporum

2143 2881 2658 2962 Archigymuasii,
2706 2882 2811 2962 qui
2843 2902 2982 2943 cum
3028 2882 3178 2943 illud
3213 2881 3513 2962 explicare
3544 2898 3679 2941 coe-

2146 2974 2369 3054 pissent
2389 3020 2406 3047 ,
2453 2975 2756 3055 variisque
2793 2975 3385 3055 interpretationibus
3413 2973 3679 3035 illustra-

2144 3088 2243 3140 re,
2285 3069 2426 3149 jure
2454 3069 2783 3149 optimo-ad
2837 3069 3016 3130 totius
3042 3069 3223 3131 Orbis
3263 3067 3516 3142 famam,
3557 3065 3681 3128 exi-

2143 3163 2665 3245 stimationemque
2697 3173 3134 3245 provenerunt,
3171 3172 3239 3226 ut
3287 3163 3680 3243 peritissimus

2146 3256 2493 3319 pontificiae
2517 3258 2663 3339 legis
2682 3260 2755 3319 de
2777 3259 2922 3340 Roje
2939 3257 3240 3337 sapienter
3258 3249 3590 3318 considerat
3614 3257 3678 3316 in

2143 3351 2269 3411 suis
2298 3350 2771 3425 institutionibus
2803 3350 3262 3414 Canonicis-lib.
3301 3355 3353 3410 1.
3387 3350 3452 3410 in
3495 3351 3676 3410 Proe-

2146 3445 2290 3505 mio.
2335 3445 2539 3525 Aliqui
2588 3445 2935 3507 existimant
2972 3446 3048 3506 ad
3091 3442 3682 3505 excitandosadole-

2144 3548 2403 3617 scentes,
2449 3540 2555 3619 qui
2597 3539 2879 3600 omnibus
2906 3537 3086 3600 Orbis
3116 3538 3387 3618 partibus
3430 3537 3493 3597 in
3522 3536 3684 3598 banc

2144 3631 2458 3693 Civitatem
2501 3634 2976 3703 concurrebant,
3027 3640 3094 3692 ut
3119 3631 3318 3692 studio
3349 3631 3677 3713 ³Sacrorum

2146 3724 2455 3786 Canomun
2482 3745 2725 3804 operam
2765 3729 3011 3797 darent,
3034 3726 3210 3807 juxta
3251 3724 3526 3785 Gratiani
3555 3743 3680 3784 me-

2149 3818 2400 3883 thodum
2427 3818 2488 3883 iu
2509 3818 2622 3880 hoc
2641 3817 2997 3880 Bononiensi
3025 3806 3521 3899 ¹Archigymnasio
3549 3834 3678 3876 mo-

2146 3931 2278 3972 rem
2299 3912 2622 3986 invaluisse
2641 3911 2985 3979 conferendi
3008 3912 3229 3992 gradus
3251 3910 3684 3973 Bachalaurea·

2149 4006 2233 4078 ti‚‹
2255 4014 2314 4067 et
2341 4006 2640 4078 DoctorIS,
2674 4025 2829 4085 quae
2870 4014 3071 4086 postea
3115 4004 3477 4066 consuetudo
3502 4003 3682 4083 longe

2146 4100 2382 4180 lateque
2425 4111 2748 4182 propagata
2793 4108 2881 4161 est
2907 4145 2924 4172 ‚
2957 4108 3043 4161 ut
3082 4099 3284 4160 videre
3325 4098 3474 4161 ‚licet
3517 4094 3676 4176 apud

2147 4196 2369 4277 DouJat
2411 4194 2473 4255 in
2529 4194 3028 4256 Praenotionibus
3075 4191 3388 4257 Canonicis
3443 4184 3555 4251 lib.
3614 4193 3674 4250 3.

2146 4306 2314 4348 num.
2352 4288 2456 4359 V.,
2486 4296 2546 4348 et
2586 4287 2648 4348 in
2689 4286 3057 4367 praefatione
3096 4284 3176 4346 ad
3210 4286 3525 4345 Decretum
3558 4280 3679 4343 dis-

2145 4382 2404 4463 positum
2438 4382 2613 4462 juxta
2660 4380 2890 4442 Titulos
2919 4378 3316 4443 Decretalium
3345 4373 3684 4455 Cardinalis

2145 4476 2619 4546 Turrecremata,
2651 4493 2805 4553 quae
2830 4473 3153 4553 composita
3179 4479 3264 4531 est
3288 4489 3323 4531 a
3349 4468 3682 4531 clarissimo

2146 4567 2429 4640 Praesule
2459 4568 2791 4628 Fontauino
2819 4586 2953 4647 pag.
2985 4573 3044 4626 8.
3075 4567 3273 4644 Atque
3298 4561 3495 4643 operis
3525 4559 3678 4623 Gra-

2146 4663 2298 4724 tiani
2327 4662 2552 4742 pluries
2578 4661 2852 4740 superius
2877 4658 3278 4721 commendati
3295 4656 3546 4738 gloriam
3571 4656 3679 4716 Bo-

2146 4756 2419 4817 noniensi
2447 4754 2685 4816 Civitati
2726 4753 2934 4815 referri
2964 4760 3263 4832 acceptam
3304 4750 3542 4811 debere:
3577 4767 3678 4810 ar-

2146 4858 2430 4931 gumento
2455 4850 2515 4910 id
2543 4858 2630 4910 est
2654 4867 2797 4909 sane
2819 4845 3307 4916 luculentissimo,
3331 4843 3490 4923 quod
3517 4841 3681 4903 illius

2145 4942 2327 5004 etiam
2370 4941 2662 5003 correctio.
2678 4986 2695 5012 ,
2725 4960 2881 5020 quae
2905 4947 3110 5018 coepta
3134 4944 3221 4999 oet
3247 4938 3354 4998 Pio
3380 4937 3486 4996 lv.
3520 4935 3680 5007 Pon-

2100 5084 2105 5089 .
2148 5035 2340 5107 filice,
2371 5043 2430 5096 et
2454 5035 2569 5095 sub
2597 5034 2701 5093 Pio
2737 5035 2811 5094 V.
2846 5031 3190 5095 continuata
3217 5075 3233 5102 ,
3263 5028 3534 5096 absoluta
3573 5026 3677 5088 de-

2150 5149 2314 5189 mum
2345 5127 2528 5189 fuerit
2568 5127 2629 5186 in
2660 5124 3017 5201 pontificatu
3043 5122 3315 5205 Gregorii
3351 5122 3524 5181 XIII.
3556 5118 3677 5180 cla-

2150 5221 2370 5283 rissimi
2389 5220 2548 5283 Civis
2569 5220 2790 5293 Nostri,
2811 5218 2917 5299 qui
2944 5216 3248 5298 eamjuris
3265 5212 3489 5295 publici
3515 5210 3679 5284 fecit,

2150 5325 2462 5395 postquam
2494 5314 2822 5401 plurimum
2851 5313 2912 5372 in
2940 5331 3012 5387 ea
3047 5309 3268 5371 laboris
3286 5352 3302 5380 ,
3331 5314 3513 5386 atque
3537 5322 3682 5383 ope-

2151 5407 2701 5480 rae'collocaverat,
2732 5407 2880 5468 dum
2907 5403 3103 5470 adhuc
3125 5408 3277 5464 essct
3309 5396 3682 5469 Cardinalis,

2661 5518 2688 5550 Ο
