<?xml version="1.0" encoding="UTF-8"?>
<!DOCTYPE html PUBLIC "-//W3C//DTD XHTML 1.0 Transitional//EN"
    "http://www.w3.org/TR/xhtml1/DTD/xhtml1-transitional.dtd">
<html xmlns="http://www.w3.org/1999/xhtml" xml:lang="en" lang="en">
 <head>
  <title>
</title>
<meta http-equiv="Content-Type" content="text/html;charset=utf-8" />
  <meta name='ocr-system' content='tesseract 3.04.00' />
  <meta name='ocr-capabilities' content='ocr_page ocr_carea ocr_par ocr_line ocrx_word'/>
</head>
<body>
  <div class='ocr_page' id='page_1' title='image "benedictixivpon00xivgoog_0333.png"; bbox 0 0 4487 6316; ppageno 0'>
   <div class='ocr_carea' id='block_1_1' title="bbox 1303 530 2890 599">
    <p class='ocr_par' dir='ltr' id='par_1_1' title="bbox 1303 530 2890 599">
     <span class='ocr_line' id='line_1_1' title="bbox 1303 530 2890 599; baseline 0.003 -8"><span class='ocrx_word' id='word_1_1' title='bbox 1303 537 1533 591; x_wconf 63' lang='lat' dir='ltr'><strong><em>ot‘mtss</em></strong></span> <span class='ocrx_word' id='word_1_2' title='bbox 1568 538 1656 589; x_wconf 75' lang='lat' dir='ltr'><strong><em>DE</em></strong></span> <span class='ocrx_word' id='word_1_3' title='bbox 1684 530 2082 599; x_wconf 71' lang='lat' dir='ltr'><strong><em>·FEST18,&#39;E&#39;1·</em></strong></span> <span class='ocrx_word' id='word_1_4' title='bbox 2125 536 2221 587; x_wconf 76' lang='lat' dir='ltr'><strong><em>DE</em></strong></span> <span class='ocrx_word' id='word_1_5' title='bbox 2262 534 2640 594; x_wconf 62' lang='lat' dir='ltr'><strong><em>sacntmcto</em></strong></span> <span class='ocrx_word' id='word_1_6' title='bbox 2674 543 2890 595; x_wconf 72' lang='lat' dir='ltr'><strong><em>mssAE</em></strong></span> 
     </span>
    </p>
   </div>
   <div class='ocr_carea' id='block_1_2' title="bbox 634 680 1701 932">
    <p class='ocr_par' dir='ltr' id='par_1_2' title="bbox 634 680 1701 932">
     <span class='ocr_line' id='line_1_2' title="bbox 634 680 1701 758; baseline -0.019 1"><span class='ocrx_word' id='word_1_7' title='bbox 634 722 645 734; x_wconf 89' lang='lat'><strong>·</strong></span> <span class='ocrx_word' id='word_1_8' title='bbox 722 685 848 758; x_wconf 69' lang='lat' dir='ltr'><strong><em>sss.</em></strong></span> <span class='ocrx_word' id='word_1_9' title='bbox 881 683 953 746; x_wconf 81' lang='grc' dir='ltr'><strong><em>ιι.</em></strong></span> <span class='ocrx_word' id='word_1_10' title='bbox 986 684 1057 744; x_wconf 76' lang='grc' dir='ltr'><strong>Ν.</strong></span> <span class='ocrx_word' id='word_1_11' title='bbox 1095 680 1506 748; x_wconf 80' lang='lat' dir='ltr'><strong>BENEDICTI</strong></span> <span class='ocrx_word' id='word_1_12' title='bbox 1526 681 1701 742; x_wconf 72' lang='lat' dir='ltr'><strong><em>xlv.</em></strong></span> 
     </span>
     <span class='ocr_line' id='line_1_3' title="bbox 997 830 1475 932; baseline -0.013 1"><span class='ocrx_word' id='word_1_13' title='bbox 997 830 1313 932; x_wconf 64' lang='lat' dir='ltr'><strong><em>passm</em></strong></span> <span class='ocrx_word' id='word_1_14' title='bbox 1324 866 1475 929; x_wconf 85' lang='lat' dir='ltr'><strong><em>T10.</em></strong></span> 
     </span>
    </p>
   </div>
   <div class='ocr_carea' id='block_1_3' title="bbox 466 1052 1999 1419">
    <p class='ocr_par' dir='ltr' id='par_1_3' title="bbox 466 1052 1999 1419">
     <span class='ocr_line' id='line_1_4' title="bbox 466 1052 1997 1137; baseline -0.006 -16"><span class='ocrx_word' id='word_1_15' title='bbox 466 1060 556 1121; x_wconf 87' lang='lat' dir='ltr'><strong><em>De</em></strong></span> <span class='ocrx_word' id='word_1_16' title='bbox 577 1059 809 1123; x_wconf 88' lang='lat' dir='ltr'><strong><em>ratione</em></strong></span> <span class='ocrx_word' id='word_1_17' title='bbox 833 1059 1148 1137; x_wconf 84' lang='lat' dir='ltr'><strong><em>utriusque</em></strong></span> <span class='ocrx_word' id='word_1_18' title='bbox 1174 1054 1597 1125; x_wconf 80' lang='lat' dir='ltr'><strong><em>Commentarii</em></strong></span> <span class='ocrx_word' id='word_1_19' title='bbox 1625 1052 1911 1122; x_wconf 61' lang='lat' dir='ltr'><strong><em>danem,</em></strong></span> <span class='ocrx_word' id='word_1_20' title='bbox 1937 1060 1997 1112; x_wconf 86' lang='lat' dir='ltr'><strong><em>et</em></strong></span> 
     </span>
     <span class='ocr_line' id='line_1_5' title="bbox 542 1146 1999 1234; baseline -0.005 -22"><span class='ocrx_word' id='word_1_21' title='bbox 542 1148 609 1212; x_wconf 74' lang='lat' dir='ltr'><strong><em>de</em></strong></span> <span class='ocrx_word' id='word_1_22' title='bbox 636 1148 933 1234; x_wconf 67' lang='lat' dir='ltr'><strong><em>Sacrificio</em></strong></span> <span class='ocrx_word' id='word_1_23' title='bbox 958 1152 1194 1222; x_wconf 72' lang='lat' dir='ltr'><strong><em>Missae,</em></strong></span> <span class='ocrx_word' id='word_1_24' title='bbox 1226 1154 1383 1231; x_wconf 76' lang='lat' dir='ltr'><strong><em>quae</em></strong></span> <span class='ocrx_word' id='word_1_25' title='bbox 1422 1150 1486 1210; x_wconf 80' lang='lat' dir='ltr'><strong><em>in</em></strong></span> <span class='ocrx_word' id='word_1_26' title='bbox 1517 1148 1713 1230; x_wconf 84' lang='lat' dir='ltr'><strong><em>prima</em></strong></span> <span class='ocrx_word' id='word_1_27' title='bbox 1730 1146 1999 1209; x_wconf 86' lang='lat' dir='ltr'><strong><em>editione</em></strong></span> 
     </span>
     <span class='ocr_line' id='line_1_6' title="bbox 543 1238 1997 1354; baseline -0.006 -47"><span class='ocrx_word' id='word_1_28' title='bbox 543 1242 809 1354; x_wconf 84' lang='lat' dir='ltr'><strong><em>praefixa</em></strong></span> <span class='ocrx_word' id='word_1_29' title='bbox 836 1253 995 1319; x_wconf 81' lang='lat' dir='ltr'><strong><em>erat,</em></strong></span> <span class='ocrx_word' id='word_1_30' title='bbox 1017 1244 1226 1310; x_wconf 85' lang='lat' dir='ltr'><strong><em>Latine</em></strong></span> <span class='ocrx_word' id='word_1_31' title='bbox 1256 1245 1498 1307; x_wconf 87' lang='lat' dir='ltr'><strong><em>demum</em></strong></span> <span class='ocrx_word' id='word_1_32' title='bbox 1525 1241 1755 1303; x_wconf 87' lang='lat' dir='ltr'><strong><em>reddita</em></strong></span> <span class='ocrx_word' id='word_1_33' title='bbox 1776 1238 1997 1321; x_wconf 84' lang='lat' dir='ltr'><strong><em>prodiit</em></strong></span> 
     </span>
     <span class='ocr_line' id='line_1_7' title="bbox 547 1337 1998 1419; baseline -0.004 -20"><span class='ocrx_word' id='word_1_34' title='bbox 547 1338 608 1399; x_wconf 94' lang='lat' dir='ltr'><strong><em>in</em></strong></span> <span class='ocrx_word' id='word_1_35' title='bbox 637 1339 759 1419; x_wconf 81' lang='lat' dir='ltr'><strong><em>fine</em></strong></span> <span class='ocrx_word' id='word_1_36' title='bbox 780 1339 994 1419; x_wconf 79' lang='lat' dir='ltr'>Operis</span> <span class='ocrx_word' id='word_1_37' title='bbox 1020 1339 1447 1401; x_wconf 65' lang='lat' dir='ltr'><strong><em>Institutionum</em></strong></span> <span class='ocrx_word' id='word_1_38' title='bbox 1472 1337 1998 1397; x_wconf 73' lang='lat' dir='ltr'><strong><em>Ecclesiasticarum</em></strong></span> 
     </span>
    </p>
   </div>
   <div class='ocr_carea' id='block_1_4' title="bbox 544 1427 1999 1585">
    <p class='ocr_par' dir='ltr' id='par_1_4' title="bbox 544 1427 1999 1585">
     <span class='ocr_line' id='line_1_8' title="bbox 544 1427 1999 1547; baseline -0.003 -55"><span class='ocrx_word' id='word_1_39' title='bbox 544 1432 712 1513; x_wconf 80' lang='lat' dir='ltr'><strong><em>typis</em></strong></span> <span class='ocrx_word' id='word_1_40' title='bbox 708 1432 933 1497; x_wconf 89' lang='lat' dir='ltr'><strong><em>Sacrae</em></strong></span> <span class='ocrx_word' id='word_1_41' title='bbox 958 1430 1246 1513; x_wconf 71' lang='lat' dir='ltr'><strong><em>Congu-eg</em></strong></span> <span class='ocrx_word' id='word_1_42' title='bbox 1276 1432 1350 1493; x_wconf 83' lang='lat' dir='ltr'><strong><em>de</em></strong></span> <span class='ocrx_word' id='word_1_43' title='bbox 1364 1432 1616 1512; x_wconf 76' lang='lat' dir='ltr'><strong><em>Propag-</em></strong></span> <span class='ocrx_word' id='word_1_44' title='bbox 1651 1428 1798 1547; x_wconf 84' lang='lat' dir='ltr'><strong><em>Fide</em></strong></span> <span class='ocrx_word' id='word_1_45' title='bbox 1822 1427 1999 1488; x_wconf 82' lang='lat' dir='ltr'><strong><em>Anno</em></strong></span> 
     </span>
     <span class='ocr_line' id='line_1_9' title="bbox 552 1530 1031 1585; baseline 0 0"><span class='ocrx_word' id='word_1_46' title='bbox 552 1530 722 1585; x_wconf 85' lang='grc'><strong>1747.</strong></span> <span class='ocrx_word' id='word_1_47' title='bbox 1019 1557 1031 1570; x_wconf 87' lang='grc'><em>·</em></span> 
     </span>
    </p>
   </div>
   <div class='ocr_carea' id='block_1_5' title="bbox 466 1660 2012 3576">
    <p class='ocr_par' dir='ltr' id='par_1_5' title="bbox 466 1660 2007 2635">
     <span class='ocr_line' id='line_1_10' title="bbox 472 1660 2000 1804; baseline -0.001 -34"><span class='ocrx_word' id='word_1_48' title='bbox 472 1716 528 1771; x_wconf 97' lang='grc'><strong><em>1.</em></strong></span> <span class='ocrx_word' id='word_1_49' title='bbox 560 1660 806 1783; x_wconf 84' lang='lat' dir='ltr'><strong><em>Nostri</em></strong></span> <span class='ocrx_word' id='word_1_50' title='bbox 835 1710 1016 1804; x_wconf 66' lang='lat' dir='ltr'><strong><em>hujus</em></strong></span> <span class='ocrx_word' id='word_1_51' title='bbox 1041 1711 1273 1792; x_wconf 85' lang='lat' dir='ltr'><strong><em>Operis,</em></strong></span> <span class='ocrx_word' id='word_1_52' title='bbox 1304 1711 1507 1792; x_wconf 78' lang='lat' dir='ltr'><strong><em>quod</em></strong></span> <span class='ocrx_word' id='word_1_53' title='bbox 1490 1730 1555 1771; x_wconf 90' lang='grc' dir='ltr'><strong><em>ιιι</em></strong></span> <span class='ocrx_word' id='word_1_54' title='bbox 1575 1708 1877 1790; x_wconf 77' lang='lat' dir='ltr'><strong><em>publicam</em></strong></span> <span class='ocrx_word' id='word_1_55' title='bbox 1906 1708 2000 1768; x_wconf 83' lang='lat' dir='ltr'><strong><em>lu·-</em></strong></span> 
     </span>
     <span class='ocr_line' id='line_1_11' title="bbox 466 1802 2001 1877; baseline -0.001 -13"><span class='ocrx_word' id='word_1_56' title='bbox 466 1820 595 1864; x_wconf 88' lang='lat' dir='ltr'><strong><em>cem</em></strong></span> <span class='ocrx_word' id='word_1_57' title='bbox 622 1805 971 1877; x_wconf 76' lang='lat' dir='ltr'><strong><em>emittimus,</em></strong></span> <span class='ocrx_word' id='word_1_58' title='bbox 1001 1804 1157 1867; x_wconf 87' lang='lat' dir='ltr'><strong><em>ratio</em></strong></span> <span class='ocrx_word' id='word_1_59' title='bbox 1184 1806 1433 1866; x_wconf 79' lang='lat' dir='ltr'><strong><em>Lectori</em></strong></span> <span class='ocrx_word' id='word_1_60' title='bbox 1441 1802 1741 1867; x_wconf 82' lang='lat' dir='ltr'><strong><em>reddenda</em></strong></span> <span class='ocrx_word' id='word_1_61' title='bbox 1766 1810 1893 1874; x_wconf 87' lang='lat' dir='ltr'><strong><em>est,</em></strong></span> <span class='ocrx_word' id='word_1_62' title='bbox 1923 1820 2001 1862; x_wconf 87' lang='lat' dir='ltr'><strong><em>ne</em></strong></span> 
     </span>
     <span class='ocr_line' id='line_1_12' title="bbox 469 1895 2006 1978; baseline -0.002 -20"><span class='ocrx_word' id='word_1_63' title='bbox 469 1914 507 1958; x_wconf 83' lang='lat' dir='ltr'><strong><em>a</em></strong></span> <span class='ocrx_word' id='word_1_64' title='bbox 531 1897 772 1959; x_wconf 87' lang='lat' dir='ltr'><strong><em>comuni</em></strong></span> <span class='ocrx_word' id='word_1_65' title='bbox 800 1898 1169 1978; x_wconf 72' lang='lat' dir='ltr'><strong>Scriptorum</strong></span> <span class='ocrx_word' id='word_1_66' title='bbox 1197 1918 1381 1971; x_wconf 86' lang='lat' dir='ltr'><strong><em>more,</em></strong></span> <span class='ocrx_word' id='word_1_67' title='bbox 1407 1907 1589 1978; x_wconf 86' lang='lat' dir='ltr'><strong><em>atque</em></strong></span> <span class='ocrx_word' id='word_1_68' title='bbox 1623 1896 1893 1958; x_wconf 87' lang='lat' dir='ltr'><strong><em>instituto</em></strong></span> <span class='ocrx_word' id='word_1_69' title='bbox 1918 1895 2006 1955; x_wconf 88' lang='lat' dir='ltr'><strong><em>di·-</em></strong></span> 
     </span>
     <span class='ocr_line' id='line_1_13' title="bbox 471 1992 2003 2073; baseline -0.003 -20"><span class='ocrx_word' id='word_1_70' title='bbox 471 1992 706 2053; x_wconf 80' lang='lat' dir='ltr'><strong><em>scedere</em></strong></span> <span class='ocrx_word' id='word_1_71' title='bbox 731 1992 1066 2054; x_wconf 82' lang='lat' dir='ltr'><strong><em>videamur.</em></strong></span> <span class='ocrx_word' id='word_1_72' title='bbox 1115 1993 1317 2059; x_wconf 83' lang='lat' dir='ltr'><strong><em>Primo</em></strong></span> <span class='ocrx_word' id='word_1_73' title='bbox 1356 1993 1560 2073; x_wconf 89' lang='lat' dir='ltr'><strong><em>itaque</em></strong></span> <span class='ocrx_word' id='word_1_74' title='bbox 1588 2010 1851 2063; x_wconf 83' lang='lat' dir='ltr'><strong><em>causam,</em></strong></span> <span class='ocrx_word' id='word_1_75' title='bbox 1894 2008 2003 2050; x_wconf 85' lang='lat' dir='ltr'><strong><em>eur</em></strong></span> 
     </span>
     <span class='ocr_line' id='line_1_14' title="bbox 470 2083 2004 2169; baseline -0.001 -24"><span class='ocrx_word' id='word_1_76' title='bbox 470 2083 641 2145; x_wconf 85' lang='lat' dir='ltr'><strong><em>hunc</em></strong></span> <span class='ocrx_word' id='word_1_77' title='bbox 654 2084 930 2146; x_wconf 77' lang='lat' dir='ltr'><strong><em>laborem</em></strong></span> <span class='ocrx_word' id='word_1_78' title='bbox 960 2086 1413 2169; x_wconf 82' lang='lat' dir='ltr'><strong><em>susceperimus,</em></strong></span> <span class='ocrx_word' id='word_1_79' title='bbox 1445 2104 1839 2164; x_wconf 79' lang='lat' dir='ltr'><strong>exponemus.</strong></span> <span class='ocrx_word' id='word_1_80' title='bbox 1875 2091 2004 2143; x_wconf 88' lang='lat' dir='ltr'><strong><em>tum</em></strong></span> 
     </span>
     <span class='ocr_line' id='line_1_15' title="bbox 469 2178 1999 2286; baseline -0.002 -46"><span class='ocrx_word' id='word_1_81' title='bbox 469 2178 804 2259; x_wconf 74' lang='lat' dir='ltr'><strong><em>materiam,</em></strong></span> <span class='ocrx_word' id='word_1_82' title='bbox 826 2179 901 2249; x_wconf 79' lang='lat' dir='ltr'><strong><em>de</em></strong></span> <span class='ocrx_word' id='word_1_83' title='bbox 920 2198 1049 2286; x_wconf 44' lang='lat' dir='ltr'><strong><em>qua·</em></strong></span> <span class='ocrx_word' id='word_1_84' title='bbox 1061 2179 1160 2241; x_wconf 90' lang='lat' dir='ltr'><strong><em>hic</em></strong></span> <span class='ocrx_word' id='word_1_85' title='bbox 1179 2180 1400 2261; x_wconf 84' lang='lat' dir='ltr'><strong><em>agitur·</em></strong></span> <span class='ocrx_word' id='word_1_86' title='bbox 1424 2180 1640 2241; x_wconf 88' lang='lat' dir='ltr'><strong><em>deinde</em></strong></span> <span class='ocrx_word' id='word_1_87' title='bbox 1656 2178 1999 2249; x_wconf 74' lang='lat' dir='ltr'><strong><em>utilitatem,</em></strong></span> 
     </span>
     <span class='ocr_line' id='line_1_16' title="bbox 467 2272 2001 2354; baseline -0.002 -20"><span class='ocrx_word' id='word_1_88' title='bbox 467 2290 627 2352; x_wconf 81' lang='lat' dir='ltr'><strong><em>quae</em></strong></span> <span class='ocrx_word' id='word_1_89' title='bbox 650 2273 867 2334; x_wconf 80' lang='lat' dir='ltr'><strong><em>exinde</em></strong></span> <span class='ocrx_word' id='word_1_90' title='bbox 892 2273 1115 2353; x_wconf 80' lang='lat' dir='ltr'><strong><em>percipi</em></strong></span> <span class='ocrx_word' id='word_1_91' title='bbox 1143 2281 1363 2354; x_wconf 87' lang='lat' dir='ltr'><strong><em>potest.</em></strong></span> <span class='ocrx_word' id='word_1_92' title='bbox 1394 2280 1699 2353; x_wconf 88' lang='lat' dir='ltr'><strong><em>praeterea</em></strong></span> <span class='ocrx_word' id='word_1_93' title='bbox 1729 2272 2001 2342; x_wconf 81' lang='lat' dir='ltr'><strong><em>modu-m,</em></strong></span> 
     </span>
     <span class='ocr_line' id='line_1_17' title="bbox 470 2363 2007 2449; baseline -0.001 -21"><span class='ocrx_word' id='word_1_94' title='bbox 470 2384 542 2428; x_wconf 87' lang='lat' dir='ltr'><strong><em>ac</em></strong></span> <span class='ocrx_word' id='word_1_95' title='bbox 562 2366 877 2440; x_wconf 87' lang='lat' dir='ltr'><strong><em>rationem,</em></strong></span> <span class='ocrx_word' id='word_1_96' title='bbox 898 2367 1264 2447; x_wconf 87' lang='lat' dir='ltr'><strong><em>quem·boc</em></strong></span> <span class='ocrx_word' id='word_1_97' title='bbox 1246 2388 1311 2428; x_wconf 89' lang='grc' dir='ltr'><strong><em>ιιι</em></strong></span> <span class='ocrx_word' id='word_1_98' title='bbox 1345 2381 1524 2449; x_wconf 89' lang='lat' dir='ltr'><strong><em>opere</em></strong></span> <span class='ocrx_word' id='word_1_99' title='bbox 1553 2363 1901 2429; x_wconf 80' lang='lat' dir='ltr'><strong><em>ador&#39;nando</em></strong></span> <span class='ocrx_word' id='word_1_100' title='bbox 1921 2385 2007 2426; x_wconf 87' lang='lat' dir='ltr'><strong><em>se-</em></strong></span> 
     </span>
     <span class='ocr_line' id='line_1_18' title="bbox 469 2459 2007 2542; baseline 0 -22"><span class='ocrx_word' id='word_1_101' title='bbox 469 2461 645 2542; x_wconf 76' lang='lat' dir='ltr'><strong><em>qunti</em></strong></span> <span class='ocrx_word' id='word_1_102' title='bbox 677 2481 923 2522; x_wconf 87' lang='lat' dir='ltr'><strong><em>sumus.</em></strong></span> <span class='ocrx_word' id='word_1_103' title='bbox 908 2481 923 2497; x_wconf 94' lang='lat'><strong>·</strong></span> <span class='ocrx_word' id='word_1_104' title='bbox 946 2469 1014 2523; x_wconf 79' lang='lat' dir='ltr'><strong><em>&#39;et</em></strong></span> <span class='ocrx_word' id='word_1_105' title='bbox 1042 2463 1288 2523; x_wconf 86' lang='lat' dir='ltr'><strong><em>demum</em></strong></span> <span class='ocrx_word' id='word_1_106' title='bbox 1327 2462 1558 2535; x_wconf 82' lang='lat' dir='ltr'><strong><em>finem,</em></strong></span> <span class='ocrx_word' id='word_1_107' title='bbox 1599 2472 1787 2542; x_wconf 70' lang='lat' dir='ltr'><strong><em>quem·</em></strong></span> <span class='ocrx_word' id='word_1_108' title='bbox 1822 2459 2007 2522; x_wconf 80' lang='lat' dir='ltr'><strong><em>Nobis</em></strong></span> 
     </span>
     <span class='ocr_line' id='line_1_19' title="bbox 473 2555 1314 2635; baseline 0.001 -19"><span class='ocrx_word' id='word_1_109' title='bbox 473 2562 627 2616; x_wconf 89' lang='lat' dir='ltr'><strong><em>ante·</em></strong></span> <span class='ocrx_word' id='word_1_110' title='bbox 637 2555 841 2617; x_wconf 91' lang='lat' dir='ltr'><strong><em>oculos</em></strong></span> <span class='ocrx_word' id='word_1_111' title='bbox 866 2556 1314 2635; x_wconf 78' lang='lat' dir='ltr'><strong><em>proposuimus..</em></strong></span> 
     </span>
    </p>

    <p class='ocr_par' dir='ltr' id='par_1_6' title="bbox 472 2647 2012 3576">
     <span class='ocr_line' id='line_1_20' title="bbox 560 2647 2010 2756; baseline -0.001 -47"><span class='ocrx_word' id='word_1_112' title='bbox 560 2653 651 2756; x_wconf 43' lang='grc' dir='ltr'><strong><em>ᾗ.</em></strong></span> <span class='ocrx_word' id='word_1_113' title='bbox 669 2649 1017 2711; x_wconf 76' lang='lat' dir='ltr'><strong><em>praebenda</em></strong></span> <span class='ocrx_word' id='word_1_114' title='bbox 1035 2649 1448 2732; x_wconf 76' lang='lat' dir='ltr'><strong><em>Theologalis‘</em></strong></span> <span class='ocrx_word' id='word_1_115' title='bbox 1429 2668 1496 2710; x_wconf 87' lang='lat' dir='ltr'><strong><em>m</em></strong></span> <span class='ocrx_word' id='word_1_116' title='bbox 1514 2648 1775 2712; x_wconf 72' lang='lat' dir='ltr'><strong><em>Ecclesia</em></strong></span> <span class='ocrx_word' id='word_1_117' title='bbox 1794 2647 2010 2711; x_wconf 78' lang='lat' dir='ltr'><strong><em>Metro-</em></strong></span> 
     </span>
     <span class='ocr_line' id='line_1_21' title="bbox 473 2742 2008 2824; baseline -0.002 -20"><span class='ocrx_word' id='word_1_118' title='bbox 473 2743 742 2824; x_wconf 68' lang='lat' dir='ltr'><strong><em>politana</em></strong></span> <span class='ocrx_word' id='word_1_119' title='bbox 769 2743 1137 2805; x_wconf 74' lang='lat' dir='ltr'><strong><em>Bononiensi</em></strong></span> <span class='ocrx_word' id='word_1_120' title='bbox 1166 2752 1521 2817; x_wconf 77' lang='lat' dir='ltr'><strong><em>vacaverat,</em></strong></span> <span class='ocrx_word' id='word_1_121' title='bbox 1535 2752 1612 2806; x_wconf 89' lang='lat' dir='ltr'><strong><em>et</em></strong></span> <span class='ocrx_word' id='word_1_122' title='bbox 1635 2750 1886 2805; x_wconf 78' lang='lat' dir='ltr'><strong><em>examen</em></strong></span> <span class='ocrx_word' id='word_1_123' title='bbox 1914 2742 2008 2802; x_wconf 89' lang='lat' dir='ltr'><strong><em>in-</em></strong></span> 
     </span>
     <span class='ocr_line' id='line_1_22' title="bbox 473 2836 2003 2918; baseline -0.003 -19"><span class='ocrx_word' id='word_1_124' title='bbox 473 2837 698 2909; x_wconf 84' lang='lat' dir='ltr'><strong><em>dictum</em></strong></span> <span class='ocrx_word' id='word_1_125' title='bbox 729 2836 927 2899; x_wconf 80' lang='lat' dir='ltr'><strong><em>fuerat</em></strong></span> <span class='ocrx_word' id='word_1_126' title='bbox 942 2838 1119 2918; x_wconf 82' lang='lat' dir='ltr'><strong><em>juxta</em></strong></span> <span class='ocrx_word' id='word_1_127' title='bbox 1145 2856 1217 2899; x_wconf 87' lang='lat' dir='ltr'><strong><em>ea</em></strong></span> <span class='ocrx_word' id='word_1_128' title='bbox 1245 2857 1400 2918; x_wconf 89' lang='lat' dir='ltr'><strong><em>quae</em></strong></span> <span class='ocrx_word' id='word_1_129' title='bbox 1426 2858 1464 2900; x_wconf 92' lang='lat' dir='ltr'><strong><em>a</em></strong></span> <span class='ocrx_word' id='word_1_130' title='bbox 1490 2837 1805 2900; x_wconf 88' lang='lat' dir='ltr'><strong><em>Benedicto</em></strong></span> <span class='ocrx_word' id='word_1_131' title='bbox 1832 2836 2003 2896; x_wconf 82' lang='lat' dir='ltr'><strong><em>xm.</em></strong></span> 
     </span>
     <span class='ocr_line' id='line_1_23' title="bbox 472 2931 2011 3017; baseline -0.001 -25"><span class='ocrx_word' id='word_1_132' title='bbox 472 2940 692 2993; x_wconf 85' lang='lat' dir='ltr'><strong><em>statuta</em></strong></span> <span class='ocrx_word' id='word_1_133' title='bbox 720 2938 906 2993; x_wconf 86' lang='lat' dir='ltr'><strong><em>sunt·</em></strong></span> <span class='ocrx_word' id='word_1_134' title='bbox 889 2976 905 3005; x_wconf 94' lang='lat'><strong><em>,</em></strong></span> <span class='ocrx_word' id='word_1_135' title='bbox 936 2931 1211 3017; x_wconf 87' lang='lat' dir='ltr'><strong><em>isautem</em></strong></span> <span class='ocrx_word' id='word_1_136' title='bbox 1241 2932 1463 2993; x_wconf 86' lang='lat' dir='ltr'><strong><em>electus</em></strong></span> <span class='ocrx_word' id='word_1_137' title='bbox 1502 2940 1623 3005; x_wconf 88' lang='lat' dir='ltr'><strong><em>est,</em></strong></span> <span class='ocrx_word' id='word_1_138' title='bbox 1665 2931 1771 3011; x_wconf 87' lang='lat' dir='ltr'><strong><em>qui</em></strong></span> <span class='ocrx_word' id='word_1_139' title='bbox 1812 2938 2011 3011; x_wconf 83' lang='lat' dir='ltr'><strong><em>postea</em></strong></span> 
     </span>
     <span class='ocr_line' id='line_1_24' title="bbox 475 3023 2010 3114; baseline 0.001 -28"><span class='ocrx_word' id='word_1_140' title='bbox 475 3025 704 3087; x_wconf 75' lang='lat' dir='ltr'><strong><em>litteras</em></strong></span> <span class='ocrx_word' id='word_1_141' title='bbox 735 3025 798 3085; x_wconf 93' lang='lat' dir='ltr'><strong><em>in</em></strong></span> <span class='ocrx_word' id='word_1_142' title='bbox 827 3025 1073 3088; x_wconf 89' lang='lat' dir='ltr'><strong><em>Dataria</em></strong></span> <span class='ocrx_word' id='word_1_143' title='bbox 1098 3025 1434 3106; x_wconf 80' lang='lat' dir='ltr'><strong><em>Apostolica</em></strong></span> <span class='ocrx_word' id='word_1_144' title='bbox 1460 3072 1476 3099; x_wconf 93' lang='lat'><strong><em>,</em></strong></span> <span class='ocrx_word' id='word_1_145' title='bbox 1509 3026 1586 3107; x_wconf 74' lang='lat' dir='ltr'><strong><em>ad</em></strong></span> <span class='ocrx_word' id='word_1_146' title='bbox 1615 3046 1798 3114; x_wconf 83' lang='lat' dir='ltr'><strong><em>quam</em></strong></span> <span class='ocrx_word' id='word_1_147' title='bbox 1828 3023 2010 3105; x_wconf 73' lang='lat' dir='ltr'><strong><em>colla-</em></strong></span> 
     </span>
     <span class='ocr_line' id='line_1_25' title="bbox 475 3117 2009 3203; baseline -0.001 -21"><span class='ocrx_word' id='word_1_148' title='bbox 475 3120 561 3182; x_wconf 88' lang='lat' dir='ltr'><strong><em>tio</em></strong></span> <span class='ocrx_word' id='word_1_149' title='bbox 591 3119 928 3201; x_wconf 76' lang='lat' dir='ltr'><strong><em>spectabat,</em></strong></span> <span class='ocrx_word' id='word_1_150' title='bbox 972 3121 1255 3200; x_wconf 86' lang='lat' dir='ltr'><strong><em>expedire</em></strong></span> <span class='ocrx_word' id='word_1_151' title='bbox 1287 3121 1573 3203; x_wconf 57' lang='lat' dir='ltr'><strong><em>neglexi&amp;</em></strong></span> <span class='ocrx_word' id='word_1_152' title='bbox 1612 3121 1822 3202; x_wconf 82' lang='lat' dir='ltr'><strong><em>ltaque</em></strong></span> <span class='ocrx_word' id='word_1_153' title='bbox 1845 3117 2009 3181; x_wconf 82' lang='lat' dir='ltr'><strong><em>sum-</em></strong></span> 
     </span>
     <span class='ocr_line' id='line_1_26' title="bbox 477 3213 2008 3287; baseline -0.001 -12"><span class='ocrx_word' id='word_1_154' title='bbox 477 3235 609 3276; x_wconf 86' lang='lat' dir='ltr'><strong><em>mus</em></strong></span> <span class='ocrx_word' id='word_1_155' title='bbox 635 3214 910 3276; x_wconf 81' lang='lat' dir='ltr'><strong><em>Pontifex</em></strong></span> <span class='ocrx_word' id='word_1_156' title='bbox 941 3215 1114 3279; x_wconf 85' lang='lat' dir='ltr'><strong><em>alteri</em></strong></span> <span class='ocrx_word' id='word_1_157' title='bbox 1145 3216 1554 3282; x_wconf 72' lang='lat' dir='ltr'><strong><em>Praebendam</em></strong></span> <span class='ocrx_word' id='word_1_158' title='bbox 1581 3214 1835 3278; x_wconf 78' lang='lat' dir='ltr'><strong><em>contulit</em></strong></span> <span class='ocrx_word' id='word_1_159' title='bbox 1858 3260 1875 3287; x_wconf 93' lang='lat'><strong><em>,</em></strong></span> <span class='ocrx_word' id='word_1_160' title='bbox 1912 3213 2008 3275; x_wconf 91' lang='lat' dir='ltr'><strong><em>cui</em></strong></span> 
     </span>
     <span class='ocr_line' id='line_1_27' title="bbox 473 3307 2008 3391; baseline -0.001 -21"><span class='ocrx_word' id='word_1_161' title='bbox 473 3327 804 3391; x_wconf 77' lang='lat' dir='ltr'><strong><em>congruum</em></strong></span> <span class='ocrx_word' id='word_1_162' title='bbox 830 3309 1063 3389; x_wconf 86' lang='lat' dir='ltr'><strong><em>aliquot</em></strong></span> <span class='ocrx_word' id='word_1_163' title='bbox 1086 3327 1385 3375; x_wconf 86' lang='lat' dir='ltr'><strong><em>annorum</em></strong></span> <span class='ocrx_word' id='word_1_164' title='bbox 1410 3310 1669 3390; x_wconf 86' lang='lat' dir='ltr'><strong><em>spatium</em></strong></span> <span class='ocrx_word' id='word_1_165' title='bbox 1697 3307 2008 3390; x_wconf 89' lang='lat' dir='ltr'><strong><em>permisit,</em></strong></span> 
     </span>
     <span class='ocr_line' id='line_1_28' title="bbox 474 3400 2012 3483; baseline -0.003 -20"><span class='ocrx_word' id='word_1_166' title='bbox 474 3410 543 3463; x_wconf 84' lang='lat' dir='ltr'><strong><em>ut</em></strong></span> <span class='ocrx_word' id='word_1_167' title='bbox 568 3422 710 3463; x_wconf 50' lang='lat' dir='ltr'><strong><em>‘sese</em></strong></span> <span class='ocrx_word' id='word_1_168' title='bbox 748 3402 828 3464; x_wconf 83' lang='lat' dir='ltr'><strong><em>ad</em></strong></span> <span class='ocrx_word' id='word_1_169' title='bbox 864 3401 1280 3483; x_wconf 77' lang='lat' dir='ltr'><strong><em>Theologicam</em></strong></span> <span class='ocrx_word' id='word_1_170' title='bbox 1321 3401 1634 3464; x_wconf 90' lang='lat' dir='ltr'><strong><em>lectionem</em></strong></span> <span class='ocrx_word' id='word_1_171' title='bbox 1675 3400 2012 3463; x_wconf 83' lang='lat' dir='ltr'><strong><em>habendam</em></strong></span> 
     </span>
     <span class='ocr_line' id='line_1_29' title="bbox 473 3496 2008 3576; baseline -0.002 -19"><span class='ocrx_word' id='word_1_172' title='bbox 473 3509 819 3576; x_wconf 84' lang='lat' dir='ltr'><strong><em>comparare</em></strong></span> <span class='ocrx_word' id='word_1_173' title='bbox 842 3496 1150 3556; x_wconf 84' lang='lat' dir='ltr'><strong><em>commode</em></strong></span> <span class='ocrx_word' id='word_1_174' title='bbox 1178 3505 1410 3576; x_wconf 85' lang='lat' dir='ltr'><strong><em>posset,</em></strong></span> <span class='ocrx_word' id='word_1_175' title='bbox 1446 3498 1862 3574; x_wconf 80' lang='lat' dir='ltr'><strong><em>Laureamque</em></strong></span> <span class='ocrx_word' id='word_1_176' title='bbox 1888 3496 2008 3554; x_wconf 90' lang='lat' dir='ltr'><strong><em>Do-</em></strong></span> 
     </span>
    </p>
   </div>
   <div class='ocr_carea' id='block_1_6' title="bbox 3350 549 3454 601">
    <p class='ocr_par' dir='ltr' id='par_1_7' title="bbox 3350 549 3454 601">
     <span class='ocr_line' id='line_1_30' title="bbox 3350 549 3454 601; baseline 0.019 -2"><span class='ocrx_word' id='word_1_177' title='bbox 3350 549 3454 601; x_wconf 73' lang='lat'><strong><em>29⁹</em></strong></span> 
     </span>
    </p>
   </div>
   <div class='ocr_carea' id='block_1_7' title="bbox 2106 680 3633 769">
    <p class='ocr_par' dir='ltr' id='par_1_8' title="bbox 2106 680 3633 769">
     <span class='ocr_line' id='line_1_31' title="bbox 2106 680 3633 769; baseline 0.012 -32"><span class='ocrx_word' id='word_1_178' title='bbox 2106 697 2350 760; x_wconf 90' lang='lat' dir='ltr'><strong><em>quoque</em></strong></span> <span class='ocrx_word' id='word_1_179' title='bbox 2385 680 2781 759; x_wconf 88' lang='lat' dir='ltr'><strong><em>Sanctorum,</em></strong></span> <span class='ocrx_word' id='word_1_180' title='bbox 2811 702 2930 766; x_wconf 86' lang='lat' dir='ltr'><strong><em>pro</em></strong></span> <span class='ocrx_word' id='word_1_181' title='bbox 2965 688 3188 769; x_wconf 88' lang='lat' dir='ltr'><strong><em>quibus</em></strong></span> <span class='ocrx_word' id='word_1_182' title='bbox 3216 689 3447 753; x_wconf 74' lang='lat' dir='ltr'><strong><em>Missa’</em></strong></span> <span class='ocrx_word' id='word_1_183' title='bbox 3429 711 3491 752; x_wconf 88' lang='grc' dir='ltr'><strong><em>ιιι</em></strong></span> <span class='ocrx_word' id='word_1_184' title='bbox 3521 693 3633 757; x_wconf 89' lang='lat' dir='ltr'><strong><em>hac</em></strong></span> 
     </span>
    </p>
   </div>
   <div class='ocr_carea' id='block_1_8' title="bbox 1988 770 3628 865">
    <p class='ocr_par' dir='ltr' id='par_1_9' title="bbox 1988 770 3628 865">
     <span class='ocr_line' id='line_1_32' title="bbox 1988 770 3628 865; baseline 0.011 -34"><span class='ocrx_word' id='word_1_185' title='bbox 1988 804 1993 809; x_wconf 88' lang='lat'><strong>·</strong></span> <span class='ocrx_word' id='word_1_186' title='bbox 2102 770 2470 836; x_wconf 73' lang='lat' dir='ltr'><strong><em>Bononiensi</em></strong></span> <span class='ocrx_word' id='word_1_187' title='bbox 2487 777 2750 840; x_wconf 84' lang='lat' dir='ltr'><strong><em>Dioecesi</em></strong></span> <span class='ocrx_word' id='word_1_188' title='bbox 2774 788 2955 861; x_wconf 89' lang='lat' dir='ltr'><strong><em>atque</em></strong></span> <span class='ocrx_word' id='word_1_189' title='bbox 2982 780 3257 844; x_wconf 85' lang='lat' dir='ltr'><strong><em>Officium</em></strong></span> <span class='ocrx_word' id='word_1_190' title='bbox 3284 789 3628 865; x_wconf 76' lang='lat' dir='ltr'><strong><em>quotannis,</em></strong></span> 
     </span>
    </p>
   </div>
   <div class='ocr_carea' id='block_1_9' title="bbox 2100 864 3640 1514">
    <p class='ocr_par' dir='ltr' id='par_1_10' title="bbox 2100 864 3636 1511">
     <span class='ocr_line' id='line_1_33' title="bbox 2100 864 3632 956; baseline 0.013 -31"><span class='ocrx_word' id='word_1_191' title='bbox 2100 864 2456 948; x_wconf 86' lang='lat' dir='ltr'><strong><em>plerumque</em></strong></span> <span class='ocrx_word' id='word_1_192' title='bbox 2487 880 2686 933; x_wconf 90' lang='lat' dir='ltr'><strong><em>tamen</em></strong></span> <span class='ocrx_word' id='word_1_193' title='bbox 2712 873 2841 936; x_wconf 88' lang='lat' dir='ltr'><strong><em>sine</em></strong></span> <span class='ocrx_word' id='word_1_194' title='bbox 2870 876 3129 956; x_wconf 84' lang='lat' dir='ltr'><strong><em>propriis</em></strong></span> <span class='ocrx_word' id='word_1_195' title='bbox 3156 876 3511 942; x_wconf 86' lang='lat' dir='ltr'><strong><em>lectionibus</em></strong></span> <span class='ocrx_word' id='word_1_196' title='bbox 3537 902 3632 944; x_wconf 88' lang='lat' dir='ltr'><strong><em>re-</em></strong></span> 
     </span>
     <span class='ocr_line' id='line_1_34' title="bbox 2100 959 3633 1048; baseline 0.012 -29"><span class='ocrx_word' id='word_1_197' title='bbox 2100 959 2357 1034; x_wconf 89' lang='lat' dir='ltr'><strong><em>citatur,</em></strong></span> <span class='ocrx_word' id='word_1_198' title='bbox 2389 981 2458 1024; x_wconf 93' lang='lat' dir='ltr'><strong><em>ac</em></strong></span> <span class='ocrx_word' id='word_1_199' title='bbox 2482 960 2723 1027; x_wconf 84' lang='lat' dir='ltr'><strong><em>demum</em></strong></span> <span class='ocrx_word' id='word_1_200' title='bbox 2755 969 3186 1048; x_wconf 81' lang='lat' dir='ltr'><strong><em>expositionem</em></strong></span> <span class='ocrx_word' id='word_1_201' title='bbox 3218 962 3495 1037; x_wconf 85' lang='lat' dir='ltr'><strong><em>addimus</em></strong></span> <span class='ocrx_word' id='word_1_202' title='bbox 3522 976 3633 1038; x_wconf 85' lang='lat' dir='ltr'><strong><em>Hi-</em></strong></span> 
     </span>
     <span class='ocr_line' id='line_1_35' title="bbox 2102 1053 3634 1140; baseline 0.013 -29"><span class='ocrx_word' id='word_1_203' title='bbox 2102 1053 2319 1114; x_wconf 89' lang='lat' dir='ltr'><strong><em>storico</em></strong></span> <span class='ocrx_word' id='word_1_204' title='bbox 2336 1055 2754 1139; x_wconf 82' lang='lat' dir='ltr'><strong><em>Theologicam</em></strong></span> <span class='ocrx_word' id='word_1_205' title='bbox 2774 1061 3136 1140; x_wconf 83' lang='lat' dir='ltr'><strong><em>Sacrosancti</em></strong></span> <span class='ocrx_word' id='word_1_206' title='bbox 3163 1064 3376 1129; x_wconf 81' lang='lat' dir='ltr'><strong><em>Missae</em></strong></span> <span class='ocrx_word' id='word_1_207' title='bbox 3395 1067 3634 1131; x_wconf 87' lang='lat' dir='ltr'><strong><em>Sacrifi-</em></strong></span> 
     </span>
     <span class='ocr_line' id='line_1_36' title="bbox 2103 1145 3636 1240; baseline 0.012 -35"><span class='ocrx_word' id='word_1_208' title='bbox 2103 1145 2200 1206; x_wconf 85' lang='lat' dir='ltr'><strong><em>cii.</em></strong></span> <span class='ocrx_word' id='word_1_209' title='bbox 2222 1145 2373 1207; x_wconf 91' lang='lat' dir='ltr'><strong><em>Cum</em></strong></span> <span class='ocrx_word' id='word_1_210' title='bbox 2391 1152 2626 1211; x_wconf 86' lang='lat' dir='ltr'><strong><em>autem&#39;</em></strong></span> <span class='ocrx_word' id='word_1_211' title='bbox 2609 1172 2671 1213; x_wconf 86' lang='lat' dir='ltr'><strong><em>m</em></strong></span> <span class='ocrx_word' id='word_1_212' title='bbox 2692 1154 2889 1234; x_wconf 87' lang='lat' dir='ltr'><strong><em>operis</em></strong></span> <span class='ocrx_word' id='word_1_213' title='bbox 2907 1156 3159 1218; x_wconf 81' lang='lat' dir='ltr'><strong><em>decursu</em></strong></span> <span class='ocrx_word' id='word_1_214' title='bbox 3181 1158 3255 1220; x_wconf 89' lang='lat' dir='ltr'><strong><em>de</em></strong></span> <span class='ocrx_word' id='word_1_215' title='bbox 3274 1160 3636 1240; x_wconf 87' lang='lat' dir='ltr'><strong><em>quibusdam</em></strong></span> 
     </span>
     <span class='ocr_line' id='line_1_37' title="bbox 2104 1236 3632 1340; baseline 0.012 -40"><span class='ocrx_word' id='word_1_216' title='bbox 2104 1242 2437 1321; x_wconf 83' lang='lat' dir='ltr'><strong><em>praecipuis</em></strong></span> <span class='ocrx_word' id='word_1_217' title='bbox 2452 1236 2767 1340; x_wconf 76' lang='lat' dir='ltr'><strong><em>capitibuS,</em></strong></span> <span class='ocrx_word' id='word_1_218' title='bbox 2789 1249 2865 1309; x_wconf 86' lang='lat' dir='ltr'><strong><em>ad</em></strong></span> <span class='ocrx_word' id='word_1_219' title='bbox 2883 1249 3154 1312; x_wconf 85' lang='lat' dir='ltr'><strong><em>divinam</em></strong></span> <span class='ocrx_word' id='word_1_220' title='bbox 3166 1253 3632 1334; x_wconf 78' lang='lat' dir='ltr'><strong><em>scripturarum,</em></strong></span> 
     </span>
     <span class='ocr_line' id='line_1_38' title="bbox 2103 1330 3636 1430; baseline 0.012 -37"><span class='ocrx_word' id='word_1_221' title='bbox 2103 1342 2163 1394; x_wconf 88' lang='lat' dir='ltr'><strong><em>et</em></strong></span> <span class='ocrx_word' id='word_1_222' title='bbox 2202 1335 2344 1396; x_wconf 88' lang='lat' dir='ltr'><strong><em>novi</em></strong></span> <span class='ocrx_word' id='word_1_223' title='bbox 2367 1330 2732 1416; x_wconf 78' lang='lat' dir='ltr'><strong><em>praesertim</em></strong></span> <span class='ocrx_word' id='word_1_224' title='bbox 2767 1344 3125 1413; x_wconf 83' lang='lat' dir='ltr'><strong><em>Testamenti</em></strong></span> <span class='ocrx_word' id='word_1_225' title='bbox 3176 1346 3636 1430; x_wconf 84' lang='lat' dir='ltr'><strong><em>intelligentiam</em></strong></span> 
     </span>
     <span class='ocr_line' id='line_1_39' title="bbox 2104 1430 3640 1514; baseline 0.012 -27"><span class='ocrx_word' id='word_1_226' title='bbox 2104 1430 2506 1507; x_wconf 78' lang='lat' dir='ltr'><strong><em>spectantibus</em></strong></span> <span class='ocrx_word' id='word_1_227' title='bbox 2523 1441 2892 1511; x_wconf 86' lang='lat' dir='ltr'><strong><em>pertractare</em></strong></span> <span class='ocrx_word' id='word_1_228' title='bbox 2907 1448 3140 1500; x_wconf 81' lang='lat' dir='ltr'><strong><em>necesse</em></strong></span> <span class='ocrx_word' id='word_1_229' title='bbox 3163 1439 3376 1514; x_wconf 61' lang='lat' dir='ltr'><strong><em>flieriu</em></strong></span> <span class='ocrx_word' id='word_1_230' title='bbox 3404 1442 3640 1504; x_wconf 88' lang='lat' dir='ltr'><strong><em>itidem-</em></strong></span> 
     </span>
    </p>
   </div>
   <div class='ocr_carea' id='block_1_10' title="bbox 1984 1526 3640 1694">
    <p class='ocr_par' dir='ltr' id='par_1_11' title="bbox 1984 1526 3639 1694">
     <span class='ocr_line' id='line_1_40' title="bbox 2024 1526 3639 1607; baseline 0.012 -28"><span class='ocrx_word' id='word_1_231' title='bbox 2024 1535 2036 1545; x_wconf 58' lang='lat'>*</span> <span class='ocrx_word' id='word_1_232' title='bbox 2105 1540 2222 1599; x_wconf 92' lang='lat' dir='ltr'><strong><em>que</em></strong></span> <span class='ocrx_word' id='word_1_233' title='bbox 2255 1541 2553 1602; x_wconf 82' lang='lat' dir='ltr'><strong><em>exponere</em></strong></span> <span class='ocrx_word' id='word_1_234' title='bbox 2583 1526 2849 1607; x_wconf 88' lang='lat' dir='ltr'><strong><em>aliquam</em></strong></span> <span class='ocrx_word' id='word_1_235' title='bbox 2881 1532 3345 1594; x_wconf 79' lang='lat' dir='ltr'><strong><em>controversiam</em></strong></span> <span class='ocrx_word' id='word_1_236' title='bbox 3384 1535 3639 1599; x_wconf 89' lang='lat' dir='ltr'><strong><em>Theolo-</em></strong></span> 
     </span>
     <span class='ocr_line' id='line_1_41' title="bbox 1984 1614 3640 1694; baseline 0.012 -22"><span class='ocrx_word' id='word_1_237' title='bbox 1984 1623 1988 1629; x_wconf 83' lang='lat'>&#39;</span> <span class='ocrx_word' id='word_1_238' title='bbox 2103 1614 2318 1694; x_wconf 74' lang='lat' dir='ltr'><strong><em>gisam,</em></strong></span> <span class='ocrx_word' id='word_1_239' title='bbox 2344 1617 2753 1681; x_wconf 83' lang='lat' dir='ltr'><strong><em>existimamus</em></strong></span> <span class='ocrx_word' id='word_1_240' title='bbox 2778 1623 2898 1683; x_wconf 84' lang='lat' dir='ltr'><strong><em>Nos</em></strong></span> <span class='ocrx_word' id='word_1_241' title='bbox 2917 1625 3191 1687; x_wconf 74' lang='lat' dir='ltr'><strong><em>mentiet</em></strong></span> <span class='ocrx_word' id='word_1_242' title='bbox 3209 1628 3504 1691; x_wconf 79' lang='lat' dir='ltr'><strong><em>voluntati</em></strong></span> <span class='ocrx_word' id='word_1_243' title='bbox 3532 1630 3640 1693; x_wconf 88' lang='lat' dir='ltr'><strong><em>Sa-</em></strong></span> 
     </span>
    </p>
   </div>
   <div class='ocr_carea' id='block_1_11' title="bbox 2104 1707 3650 2551">
    <p class='ocr_par' dir='ltr' id='par_1_12' title="bbox 2104 1707 3647 2551">
     <span class='ocr_line' id='line_1_42' title="bbox 2104 1707 3641 1802; baseline 0.013 -34"><span class='ocrx_word' id='word_1_244' title='bbox 2104 1707 2188 1768; x_wconf 89' lang='lat' dir='ltr'><strong><em>cri</em></strong></span> <span class='ocrx_word' id='word_1_245' title='bbox 2214 1708 2463 1775; x_wconf 89' lang='lat' dir='ltr'><strong><em>Concilii</em></strong></span> <span class='ocrx_word' id='word_1_246' title='bbox 2492 1714 2859 1789; x_wconf 81' lang='lat' dir='ltr'><strong><em>satisfecisse,</em></strong></span> <span class='ocrx_word' id='word_1_247' title='bbox 2871 1719 3091 1798; x_wconf 83' lang='lat' dir='ltr'><strong><em>quod·</em></strong></span> <span class='ocrx_word' id='word_1_248' title='bbox 3074 1739 3137 1780; x_wconf 88' lang='grc' dir='ltr'><strong><em>ιιι</em></strong></span> <span class='ocrx_word' id='word_1_249' title='bbox 3159 1723 3499 1802; x_wconf 87' lang='lat' dir='ltr'><strong><em>supradicta</em></strong></span> <span class='ocrx_word' id='word_1_250' title='bbox 3520 1745 3641 1787; x_wconf 85' lang='lat' dir='ltr'><strong><em>ses-</em></strong></span> 
     </span>
     <span class='ocr_line' id='line_1_43' title="bbox 2105 1803 3639 1915; baseline 0.011 -52"><span class='ocrx_word' id='word_1_251' title='bbox 2105 1803 2273 1865; x_wconf 90' lang='lat' dir='ltr'><strong><em>sione</em></strong></span> <span class='ocrx_word' id='word_1_252' title='bbox 2300 1805 2374 1866; x_wconf 88' lang='lat' dir='ltr'><strong><em>de</em></strong></span> <span class='ocrx_word' id='word_1_253' title='bbox 2401 1808 2771 1886; x_wconf 81' lang='lat' dir='ltr'><strong><em>expositione</em></strong></span> <span class='ocrx_word' id='word_1_254' title='bbox 2800 1810 3157 1874; x_wconf 86' lang='lat' dir='ltr'><strong><em>Divinarum</em></strong></span> <span class='ocrx_word' id='word_1_255' title='bbox 3190 1813 3639 1915; x_wconf 80' lang='lat' dir='ltr'><strong><em>scripturarum</em></strong></span> 
     </span>
     <span class='ocr_line' id='line_1_44' title="bbox 2108 1895 3642 2001; baseline 0.011 -44"><span class='ocrx_word' id='word_1_256' title='bbox 2108 1895 2199 1958; x_wconf 90' lang='lat' dir='ltr'><strong><em>ita</em></strong></span> <span class='ocrx_word' id='word_1_257' title='bbox 2220 1896 2520 1979; x_wconf 80' lang='lat' dir='ltr'><strong><em>loquitur:</em></strong></span> <span class='ocrx_word' id='word_1_258' title='bbox 2549 1901 2641 1961; x_wconf 78' lang='lat' dir='ltr'><strong><em>Ad</em></strong></span> <span class='ocrx_word' id='word_1_259' title='bbox 2667 1905 2843 1983; x_wconf 77' lang='lat' dir='ltr'><strong><em>ipsius</em></strong></span> <span class='ocrx_word' id='word_1_260' title='bbox 2867 1906 3081 1968; x_wconf 77' lang='lat' dir='ltr'><strong><em>Sacrae</em></strong></span> <span class='ocrx_word' id='word_1_261' title='bbox 3108 1896 3443 2001; x_wconf 66' lang='lat' dir='ltr'><strong><em>Scripturas</em></strong></span> <span class='ocrx_word' id='word_1_262' title='bbox 3470 1932 3642 1995; x_wconf 76' lang='lat' dir='ltr'><strong><em>expo-</em></strong></span> 
     </span>
     <span class='ocr_line' id='line_1_45' title="bbox 2107 1992 3646 2081; baseline 0.013 -32"><span class='ocrx_word' id='word_1_263' title='bbox 2107 1992 2393 2064; x_wconf 69' lang='lat' dir='ltr'><strong><em>sitionem,</em></strong></span> <span class='ocrx_word' id='word_1_264' title='bbox 2427 2004 2478 2053; x_wconf 75' lang='lat' dir='ltr'><strong><em>ot</em></strong></span> <span class='ocrx_word' id='word_1_265' title='bbox 2496 1995 3044 2075; x_wconf 56' lang='lat' dir='ltr'><strong><em>flammicam:</em></strong></span> <span class='ocrx_word' id='word_1_266' title='bbox 3073 2008 3133 2062; x_wconf 85' lang='lat' dir='ltr'><strong><em>et</em></strong></span> <span class='ocrx_word' id='word_1_267' title='bbox 3161 2003 3342 2081; x_wconf 90' lang='lat' dir='ltr'><strong><em>paulo</em></strong></span> <span class='ocrx_word' id='word_1_268' title='bbox 3370 2003 3550 2079; x_wconf 82' lang='lat' dir='ltr'><strong><em>infra,</em></strong></span> <span class='ocrx_word' id='word_1_269' title='bbox 3578 2018 3646 2069; x_wconf 83' lang='lat' dir='ltr'><strong><em>ut</em></strong></span> 
     </span>
     <span class='ocr_line' id='line_1_46' title="bbox 2107 2086 3650 2171; baseline 0.012 -26"><span class='ocrx_word' id='word_1_270' title='bbox 2107 2086 2230 2163; x_wconf 78' lang='lat' dir='ltr'><strong><em>ipsa</em></strong></span> <span class='ocrx_word' id='word_1_271' title='bbox 2253 2086 2466 2149; x_wconf 77' lang='lat' dir='ltr'><strong><em>Sacrae</em></strong></span> <span class='ocrx_word' id='word_1_272' title='bbox 2494 2087 2830 2171; x_wconf 71' lang='lat' dir='ltr'><strong><em>Scm&#39;pturao</em></strong></span> <span class='ocrx_word' id='word_1_273' title='bbox 2858 2094 3015 2155; x_wconf 74' lang='lat' dir='ltr'><strong><em>locrio</em></strong></span> <span class='ocrx_word' id='word_1_274' title='bbox 3043 2096 3349 2157; x_wconf 68' lang='lat' dir='ltr'><strong><em>habeatur.</em></strong></span> <span class='ocrx_word' id='word_1_275' title='bbox 3369 2107 3430 2160; x_wconf 87' lang='lat' dir='ltr'><strong><em>et</em></strong></span> <span class='ocrx_word' id='word_1_276' title='bbox 3451 2099 3513 2160; x_wconf 88' lang='lat' dir='ltr'><strong><em>in</em></strong></span> <span class='ocrx_word' id='word_1_277' title='bbox 3541 2116 3650 2163; x_wconf 90' lang='lat' dir='ltr'><strong><em>eo-</em></strong></span> 
     </span>
     <span class='ocr_line' id='line_1_47' title="bbox 2108 2180 3641 2278; baseline 0.009 -37"><span class='ocrx_word' id='word_1_278' title='bbox 2108 2182 2243 2242; x_wconf 86' lang='lat' dir='ltr'><strong><em>dem</em></strong></span> <span class='ocrx_word' id='word_1_279' title='bbox 2274 2180 2446 2243; x_wconf 86' lang='lat' dir='ltr'><strong><em>loco:</em></strong></span> <span class='ocrx_word' id='word_1_280' title='bbox 2476 2181 2566 2245; x_wconf 77' lang='lat' dir='ltr'><strong><em>Nc</em></strong></span> <span class='ocrx_word' id='word_1_281' title='bbox 2590 2187 2835 2247; x_wconf 66' lang='lat' dir='ltr'><strong><em>cadatis</em></strong></span> <span class='ocrx_word' id='word_1_282' title='bbox 2861 2188 2959 2248; x_wconf 75' lang='lat' dir='ltr'><strong><em>ille</em></strong></span> <span class='ocrx_word' id='word_1_283' title='bbox 2985 2187 3294 2251; x_wconf 76' lang='lat' dir='ltr'><strong><em>Sacrorum</em></strong></span> <span class='ocrx_word' id='word_1_284' title='bbox 3320 2194 3641 2278; x_wconf 60' lang='lat' dir='ltr'><strong><em>thesauruy,</em></strong></span> 
     </span>
     <span class='ocr_line' id='line_1_48' title="bbox 2108 2279 3646 2361; baseline 0.009 -24"><span class='ocrx_word' id='word_1_285' title='bbox 2108 2298 2270 2357; x_wconf 80' lang='lat' dir='ltr'><strong><em>quem</em></strong></span> <span class='ocrx_word' id='word_1_286' title='bbox 2288 2280 2523 2357; x_wconf 80' lang='lat' dir='ltr'><strong><em>spiritus</em></strong></span> <span class='ocrx_word' id='word_1_287' title='bbox 2537 2279 2784 2341; x_wconf 72' lang='lat' dir='ltr'><strong><em>Sanctus</em></strong></span> <span class='ocrx_word' id='word_1_288' title='bbox 2805 2302 3024 2344; x_wconf 81' lang='lat' dir='ltr'><strong><em>summa</em></strong></span> <span class='ocrx_word' id='word_1_289' title='bbox 3049 2286 3382 2361; x_wconf 76' lang='lat' dir='ltr'><strong><em>liberalitate</em></strong></span> <span class='ocrx_word' id='word_1_290' title='bbox 3405 2289 3646 2350; x_wconf 75' lang='lat' dir='ltr'><strong><em>homini-</em></strong></span> 
     </span>
     <span class='ocr_line' id='line_1_49' title="bbox 2111 2365 3648 2461; baseline 0.009 -29"><span class='ocrx_word' id='word_1_291' title='bbox 2111 2374 2210 2432; x_wconf 82' lang='lat' dir='ltr'><strong><em>bus</em></strong></span> <span class='ocrx_word' id='word_1_292' title='bbox 2232 2374 2506 2444; x_wconf 66' lang='lat' dir='ltr'><strong><em>tradidit,</em></strong></span> <span class='ocrx_word' id='word_1_293' title='bbox 2532 2376 2806 2453; x_wconf 57' lang='grc' dir='ltr'><strong>περίοπτοι</strong></span> <span class='ocrx_word' id='word_1_294' title='bbox 2817 2377 3025 2454; x_wconf 75' lang='lat' dir='ltr'><strong><em>jaceat.</em></strong></span> <span class='ocrx_word' id='word_1_295' title='bbox 3052 2378 3129 2439; x_wconf 87' lang='lat' dir='ltr'><strong><em>Et</em></strong></span> <span class='ocrx_word' id='word_1_296' title='bbox 3153 2397 3361 2440; x_wconf 87' lang='lat' dir='ltr'><strong><em>rursus</em></strong></span> <span class='ocrx_word' id='word_1_297' title='bbox 3381 2365 3528 2461; x_wconf 86' lang='lat' dir='ltr'><strong><em>baec</em></strong></span> <span class='ocrx_word' id='word_1_298' title='bbox 3544 2367 3648 2445; x_wconf 80' lang='lat' dir='ltr'><strong><em>lia-</em></strong></span> 
     </span>
     <span class='ocr_line' id='line_1_50' title="bbox 2111 2457 3648 2551; baseline 0.008 -25"><span class='ocrx_word' id='word_1_299' title='bbox 2111 2467 2213 2527; x_wconf 87' lang='lat' dir='ltr'><strong><em>het</em></strong></span> <span class='ocrx_word' id='word_1_300' title='bbox 2237 2466 2313 2527; x_wconf 86' lang='lat' dir='ltr'><strong><em>de</em></strong></span> <span class='ocrx_word' id='word_1_301' title='bbox 2333 2465 2585 2529; x_wconf 87' lang='lat' dir='ltr'><strong><em>lectione</em></strong></span> <span class='ocrx_word' id='word_1_302' title='bbox 2602 2467 2981 2551; x_wconf 76' lang='lat' dir='ltr'><strong><em>Theologia03</em></strong></span> <span class='ocrx_word' id='word_1_303' title='bbox 3001 2490 3108 2551; x_wconf 80' lang='lat' dir='ltr'><strong><em>pro</em></strong></span> <span class='ocrx_word' id='word_1_304' title='bbox 3130 2473 3449 2536; x_wconf 69' lang='lat' dir='ltr'><strong><em>lectionibus</em></strong></span> <span class='ocrx_word' id='word_1_305' title='bbox 3475 2457 3648 2538; x_wconf 56' lang='grc' dir='ltr'><strong>ΊῚιεοὲ</strong></span> 
     </span>
    </p>
   </div>
   <div class='ocr_carea' id='block_1_12' title="bbox 2113 2561 3650 2734">
    <p class='ocr_par' dir='ltr' id='par_1_13' title="bbox 2113 2561 3650 2734">
     <span class='ocr_line' id='line_1_51' title="bbox 2117 2561 3650 2644; baseline 0.008 -25"><span class='ocrx_word' id='word_1_306' title='bbox 2117 2561 2325 2638; x_wconf 64' lang='lat' dir='ltr'><strong><em>luciae,</em></strong></span> <span class='ocrx_word' id='word_1_307' title='bbox 2349 2568 2411 2621; x_wconf 91' lang='lat' dir='ltr'><strong><em>et</em></strong></span> <span class='ocrx_word' id='word_1_308' title='bbox 2437 2561 2617 2639; x_wconf 87' lang='lat' dir='ltr'><strong><em>paulo</em></strong></span> <span class='ocrx_word' id='word_1_309' title='bbox 2639 2570 2803 2641; x_wconf 76' lang='lat' dir='ltr'><strong><em>post.</em></strong></span> <span class='ocrx_word' id='word_1_310' title='bbox 2840 2562 2916 2623; x_wconf 83' lang='lat' dir='ltr'><strong><em>Ut</em></strong></span> <span class='ocrx_word' id='word_1_311' title='bbox 2946 2562 3269 2644; x_wconf 70' lang='lat' dir='ltr'><strong><em>Theoloqiao</em></strong></span> <span class='ocrx_word' id='word_1_312' title='bbox 3299 2568 3456 2628; x_wconf 70' lang='lat' dir='ltr'><strong><em>lectio</em></strong></span> <span class='ocrx_word' id='word_1_313' title='bbox 3486 2572 3551 2630; x_wconf 73' lang='lat' dir='ltr'><strong><em>in</em></strong></span> <span class='ocrx_word' id='word_1_314' title='bbox 3577 2573 3650 2632; x_wconf 77' lang='lat' dir='ltr'><strong><em>iis</em></strong></span> 
     </span>
     <span class='ocr_line' id='line_1_52' title="bbox 2113 2656 2827 2734; baseline 0 -20"><span class='ocrx_word' id='word_1_315' title='bbox 2113 2656 2386 2714; x_wconf 72' lang='lat' dir='ltr'><strong><em>commode</em></strong></span> <span class='ocrx_word' id='word_1_316' title='bbox 2414 2656 2608 2715; x_wconf 78' lang='lat' dir='ltr'><strong><em>haberi</em></strong></span> <span class='ocrx_word' id='word_1_317' title='bbox 2637 2658 2827 2734; x_wconf 78' lang='lat' dir='ltr'><strong><em>possit.</em></strong></span> 
     </span>
    </p>
   </div>
   <div class='ocr_carea' id='block_1_13' title="bbox 2113 2748 3661 3582">
    <p class='ocr_par' dir='ltr' id='par_1_14' title="bbox 2113 2748 3661 3582">
     <span class='ocr_line' id='line_1_53' title="bbox 2232 2748 3652 2836; baseline 0.009 -30"><span class='ocrx_word' id='word_1_318' title='bbox 2232 2752 2289 2806; x_wconf 89' lang='lat'><strong><em>5.</em></strong></span> <span class='ocrx_word' id='word_1_319' title='bbox 2323 2748 2503 2808; x_wconf 87' lang='lat' dir='ltr'><strong><em>Docet</em></strong></span> <span class='ocrx_word' id='word_1_320' title='bbox 2532 2748 2590 2808; x_wconf 90' lang='lat' dir='ltr'><strong><em>S.</em></strong></span> <span class='ocrx_word' id='word_1_321' title='bbox 2624 2748 2921 2820; x_wconf 77' lang='lat' dir='ltr'><strong><em>Thomas,</em></strong></span> <span class='ocrx_word' id='word_1_322' title='bbox 2952 2750 3121 2831; x_wconf 86' lang='lat' dir='ltr'><strong><em>cujus</em></strong></span> <span class='ocrx_word' id='word_1_323' title='bbox 3151 2754 3479 2815; x_wconf 84' lang='lat' dir='ltr'><strong><em>sententiae</em></strong></span> <span class='ocrx_word' id='word_1_324' title='bbox 3506 2775 3652 2836; x_wconf 91' lang='lat' dir='ltr'><strong><em>qua-</em></strong></span> 
     </span>
     <span class='ocr_line' id='line_1_54' title="bbox 2113 2839 3650 2920; baseline 0.007 -20"><span class='ocrx_word' id='word_1_325' title='bbox 2113 2858 2373 2920; x_wconf 88' lang='lat' dir='ltr'><strong><em>cumque</em></strong></span> <span class='ocrx_word' id='word_1_326' title='bbox 2399 2840 2462 2900; x_wconf 93' lang='lat' dir='ltr'><strong><em>in</em></strong></span> <span class='ocrx_word' id='word_1_327' title='bbox 2484 2859 2560 2900; x_wconf 89' lang='lat' dir='ltr'><strong><em>-re</em></strong></span> <span class='ocrx_word' id='word_1_328' title='bbox 2589 2839 2978 2903; x_wconf 77' lang='lat' dir='ltr'><strong><em>libentissime</em></strong></span> <span class='ocrx_word' id='word_1_329' title='bbox 3003 2842 3428 2920; x_wconf 54' lang='lat' dir='ltr'><strong><em>adheretum,</em></strong></span> <span class='ocrx_word' id='word_1_330' title='bbox 3460 2850 3650 2912; x_wconf 71' lang='lat' dir='ltr'><strong><em>teneri</em></strong></span> 
     </span>
     <span class='ocr_line' id='line_1_55' title="bbox 2114 2935 3656 3014; baseline 0.007 -20"><span class='ocrx_word' id='word_1_331' title='bbox 2114 2952 2323 2995; x_wconf 88' lang='lat' dir='ltr'><strong><em>omnes</em></strong></span> <span class='ocrx_word' id='word_1_332' title='bbox 2348 2942 2465 2994; x_wconf 87' lang='lat' dir='ltr'><strong><em>tam</em></strong></span> <span class='ocrx_word' id='word_1_333' title='bbox 2489 2935 2762 3014; x_wconf 77' lang='lat' dir='ltr'><strong><em>majores,</em></strong></span> <span class='ocrx_word' id='word_1_334' title='bbox 2775 2954 2961 3014; x_wconf 89' lang='lat' dir='ltr'><strong><em>quam</em></strong></span> <span class='ocrx_word' id='word_1_335' title='bbox 2982 2936 3243 2999; x_wconf 86' lang='lat' dir='ltr'><strong><em>minores</em></strong></span> <span class='ocrx_word' id='word_1_336' title='bbox 3263 2948 3453 3011; x_wconf 83' lang='lat' dir='ltr'><strong><em>aetate</em></strong></span> <span class='ocrx_word' id='word_1_337' title='bbox 3474 2941 3656 3005; x_wconf 82' lang='lat' dir='ltr'><strong><em>fidem</em></strong></span> 
     </span>
     <span class='ocr_line' id='line_1_56' title="bbox 2116 3024 3657 3108; baseline 0.008 -22"><span class='ocrx_word' id='word_1_338' title='bbox 2116 3025 2344 3087; x_wconf 83' lang='lat' dir='ltr'><strong><em>habere</em></strong></span> <span class='ocrx_word' id='word_1_339' title='bbox 2389 3024 2731 3104; x_wconf 84' lang='lat' dir='ltr'><strong><em>explicitam</em></strong></span> <span class='ocrx_word' id='word_1_340' title='bbox 2787 3028 3210 3108; x_wconf 70' lang='lat' dir='ltr'><strong><em>mysteriorum</em></strong></span> <span class='ocrx_word' id='word_1_341' title='bbox 3266 3031 3486 3095; x_wconf 86' lang='lat' dir='ltr'><strong><em>Christi</em></strong></span> <span class='ocrx_word' id='word_1_342' title='bbox 3512 3079 3529 3107; x_wconf 94' lang='lat'>‚</span> <span class='ocrx_word' id='word_1_343' title='bbox 3587 3055 3657 3098; x_wconf 91' lang='lat' dir='ltr'><strong><em>ac</em></strong></span> 
     </span>
     <span class='ocr_line' id='line_1_57' title="bbox 2117 3117 3657 3201; baseline 0.007 -21"><span class='ocrx_word' id='word_1_344' title='bbox 2117 3117 2469 3200; x_wconf 87' lang='lat' dir='ltr'><strong><em>praesertim</em></strong></span> <span class='ocrx_word' id='word_1_345' title='bbox 2510 3137 2749 3192; x_wconf 89' lang='lat' dir='ltr'><strong><em>eorum,</em></strong></span> <span class='ocrx_word' id='word_1_346' title='bbox 2782 3138 2956 3201; x_wconf 78' lang='lat' dir='ltr'><strong><em>quae</em></strong></span> <span class='ocrx_word' id='word_1_347' title='bbox 3002 3121 3066 3183; x_wconf 86' lang='lat' dir='ltr'><strong><em>in</em></strong></span> <span class='ocrx_word' id='word_1_348' title='bbox 3114 3118 3369 3188; x_wconf 73' lang='lat' dir='ltr'><strong><em>Ecclesia</em></strong></span> <span class='ocrx_word' id='word_1_349' title='bbox 3406 3127 3657 3191; x_wconf 80' lang='lat' dir='ltr'><strong><em>solemni</em></strong></span> 
     </span>
     <span class='ocr_line' id='line_1_58' title="bbox 2116 3213 3660 3287; baseline 0.009 -14"><span class='ocrx_word' id='word_1_350' title='bbox 2116 3213 2239 3275; x_wconf 84' lang='lat' dir='ltr'><strong><em>ritu</em></strong></span> <span class='ocrx_word' id='word_1_351' title='bbox 2282 3213 2680 3276; x_wconf 89' lang='lat' dir='ltr'><strong><em>celebrantur.</em></strong></span> <span class='ocrx_word' id='word_1_352' title='bbox 2712 3214 2913 3277; x_wconf 84' lang='lat' dir='ltr'><strong><em>Verba</em></strong></span> <span class='ocrx_word' id='word_1_353' title='bbox 2935 3225 3136 3278; x_wconf 87' lang='lat' dir='ltr'><strong><em>autem</em></strong></span> <span class='ocrx_word' id='word_1_354' title='bbox 3156 3219 3354 3282; x_wconf 85' lang='lat' dir='ltr'><strong><em>Sancti</em></strong></span> <span class='ocrx_word' id='word_1_355' title='bbox 3386 3224 3660 3287; x_wconf 88' lang='lat' dir='ltr'><strong><em>Doctoris</em></strong></span> 
     </span>
     <span class='ocr_line' id='line_1_59' title="bbox 2116 3305 3661 3400; baseline 0.006 -30"><span class='ocrx_word' id='word_1_356' title='bbox 2116 3307 2408 3391; x_wconf 86' lang='lat' dir='ltr'><strong><em>ejusmodi</em></strong></span> <span class='ocrx_word' id='word_1_357' title='bbox 2430 3305 2591 3369; x_wconf 85' lang='lat' dir='ltr'><strong><em>sunt:</em></strong></span> <span class='ocrx_word' id='word_1_358' title='bbox 2616 3308 2752 3369; x_wconf 71' lang='lat' dir='ltr'><strong><em>Post</em></strong></span> <span class='ocrx_word' id='word_1_359' title='bbox 2774 3321 2983 3400; x_wconf 72' lang='lat' dir='ltr'><strong><em>tempus</em></strong></span> <span class='ocrx_word' id='word_1_360' title='bbox 3001 3315 3220 3390; x_wconf 68' lang='lat' dir='ltr'><strong><em>yraaetae</em></strong></span> <span class='ocrx_word' id='word_1_361' title='bbox 3249 3307 3522 3379; x_wconf 55' lang='lat' dir='ltr'><strong><em>resolutae</em></strong></span> <span class='ocrx_word' id='word_1_362' title='bbox 3545 3313 3661 3380; x_wconf 83' lang='lat' dir='ltr'><strong><em>tam</em></strong></span> 
     </span>
     <span class='ocr_line' id='line_1_60' title="bbox 2115 3404 3658 3491; baseline 0.006 -27"><span class='ocrx_word' id='word_1_363' title='bbox 2115 3404 2380 3481; x_wconf 79' lang='lat' dir='ltr'><strong><em>majores,</em></strong></span> <span class='ocrx_word' id='word_1_364' title='bbox 2399 3422 2579 3481; x_wconf 76' lang='lat' dir='ltr'><strong><em>quam</em></strong></span> <span class='ocrx_word' id='word_1_365' title='bbox 2601 3405 2838 3464; x_wconf 71' lang='lat' dir='ltr'><strong><em>minores</em></strong></span> <span class='ocrx_word' id='word_1_366' title='bbox 2870 3415 3126 3466; x_wconf 74' lang='lat' dir='ltr'><strong><em>tenentur</em></strong></span> <span class='ocrx_word' id='word_1_367' title='bbox 3150 3409 3532 3491; x_wconf 74' lang='lat' dir='ltr'><strong><em>habero-fidem</em></strong></span> <span class='ocrx_word' id='word_1_368' title='bbox 3554 3433 3658 3485; x_wconf 65' lang='lat' dir='ltr'><strong><em>cx-</em></strong></span> 
     </span>
     <span class='ocr_line' id='line_1_61' title="bbox 2114 3495 3659 3582; baseline 0.007 -26"><span class='ocrx_word' id='word_1_369' title='bbox 2114 3498 2374 3576; x_wconf 83' lang='lat' dir='ltr'><strong><em>plicitam</em></strong></span> <span class='ocrx_word' id='word_1_370' title='bbox 2392 3497 2458 3556; x_wconf 79' lang='lat' dir='ltr'><strong><em>dc</em></strong></span> <span class='ocrx_word' id='word_1_371' title='bbox 2487 3499 2767 3575; x_wconf 72' lang='lat' dir='ltr'><strong><em>mysteriis</em></strong></span> <span class='ocrx_word' id='word_1_372' title='bbox 2794 3495 3040 3568; x_wconf 81' lang='lat' dir='ltr'><strong><em>Christi,</em></strong></span> <span class='ocrx_word' id='word_1_373' title='bbox 3061 3504 3357 3581; x_wconf 74' lang='lat' dir='ltr'><strong><em>praecipue</em></strong></span> <span class='ocrx_word' id='word_1_374' title='bbox 3382 3507 3659 3582; x_wconf 72' lang='lat' dir='ltr'><strong><em>quantum</em></strong></span> 
     </span>
    </p>
   </div>
   <div class='ocr_carea' id='block_1_14' title="bbox 474 3587 3658 3671">
    <p class='ocr_par' dir='ltr' id='par_1_15' title="bbox 474 3587 3658 3671">
     <span class='ocr_line' id='line_1_62' title="bbox 474 3587 3658 3671; baseline 0.002 -21"><span class='ocrx_word' id='word_1_375' title='bbox 474 3590 653 3650; x_wconf 89' lang='lat' dir='ltr'><strong><em>ctoris</em></strong></span> <span class='ocrx_word' id='word_1_376' title='bbox 698 3589 760 3649; x_wconf 90' lang='lat' dir='ltr'><strong><em>in</em></strong></span> <span class='ocrx_word' id='word_1_377' title='bbox 813 3589 992 3651; x_wconf 87' lang='lat' dir='ltr'><strong><em>Sacra</em></strong></span> <span class='ocrx_word' id='word_1_378' title='bbox 1032 3590 1355 3671; x_wconf 82' lang='lat' dir='ltr'><strong><em>Theologia</em></strong></span> <span class='ocrx_word' id='word_1_379' title='bbox 1407 3589 1713 3668; x_wconf 69' lang='lat' dir='ltr'><strong><em>consequi.</em></strong></span> <span class='ocrx_word' id='word_1_380' title='bbox 1766 3587 2015 3648; x_wconf 83' lang='lat' dir='ltr'><strong><em>Interim</em></strong></span> <span class='ocrx_word' id='word_1_381' title='bbox 2118 3591 2194 3650; x_wconf 84' lang='lat' dir='ltr'><strong><em>ad</em></strong></span> <span class='ocrx_word' id='word_1_382' title='bbox 2220 3609 2286 3651; x_wconf 79' lang='lat' dir='ltr'><strong><em>ca</em></strong></span> <span class='ocrx_word' id='word_1_383' title='bbox 2312 3636 2329 3660; x_wconf 93' lang='lat'><strong><em>,</em></strong></span> <span class='ocrx_word' id='word_1_384' title='bbox 2356 3609 2499 3668; x_wconf 75' lang='lat' dir='ltr'><strong><em>quae</em></strong></span> <span class='ocrx_word' id='word_1_385' title='bbox 2524 3592 2888 3650; x_wconf 77' lang='lat' dir='ltr'><strong><em>communiter</em></strong></span> <span class='ocrx_word' id='word_1_386' title='bbox 2915 3593 2980 3651; x_wconf 75' lang='lat' dir='ltr'><strong><em>in</em></strong></span> <span class='ocrx_word' id='word_1_387' title='bbox 3003 3592 3260 3656; x_wconf 55' lang='lat' dir='ltr'><strong><em>&amp;etesia</em></strong></span> <span class='ocrx_word' id='word_1_388' title='bbox 3284 3598 3658 3661; x_wconf 74' lang='lat' dir='ltr'><strong><em>solemnizan-</em></strong></span> 
     </span>
    </p>
   </div>
   <div class='ocr_carea' id='block_1_15' title="bbox 479 3680 2028 5456">
    <p class='ocr_par' dir='ltr' id='par_1_16' title="bbox 479 3680 2017 4133">
     <span class='ocr_line' id='line_1_63' title="bbox 479 3680 2013 3763; baseline -0.001 -21"><span class='ocrx_word' id='word_1_389' title='bbox 479 3682 666 3743; x_wconf 84' lang='lat' dir='ltr'><strong><em>Nobis</em></strong></span> <span class='ocrx_word' id='word_1_390' title='bbox 688 3682 1109 3744; x_wconf 84' lang='lat' dir='ltr'><strong><em>demandatum</em></strong></span> <span class='ocrx_word' id='word_1_391' title='bbox 1130 3683 1267 3756; x_wconf 81' lang='lat' dir='ltr'><strong><em>fuit,</em></strong></span> <span class='ocrx_word' id='word_1_392' title='bbox 1289 3691 1358 3744; x_wconf 90' lang='lat' dir='ltr'><strong><em>ut</em></strong></span> <span class='ocrx_word' id='word_1_393' title='bbox 1377 3684 1441 3744; x_wconf 90' lang='lat' dir='ltr'><strong><em>in</em></strong></span> <span class='ocrx_word' id='word_1_394' title='bbox 1462 3684 1649 3763; x_wconf 88' lang='lat' dir='ltr'><strong><em>ipsius</em></strong></span> <span class='ocrx_word' id='word_1_395' title='bbox 1671 3680 2013 3763; x_wconf 49' lang='lat' dir='ltr'><strong><em>locum-suf*</em></strong></span> 
     </span>
     <span class='ocr_line' id='line_1_64' title="bbox 479 3775 2017 3858; baseline -0.001 -23"><span class='ocrx_word' id='word_1_396' title='bbox 479 3775 797 3842; x_wconf 74' lang='lat' dir='ltr'><strong><em>ficei-emus·</em></strong></span> <span class='ocrx_word' id='word_1_397' title='bbox 807 3775 1093 3855; x_wconf 87' lang='lat' dir='ltr'><strong><em>aliquem,</em></strong></span> <span class='ocrx_word' id='word_1_398' title='bbox 1117 3777 1224 3856; x_wconf 84' lang='lat' dir='ltr'><strong><em>qui</em></strong></span> <span class='ocrx_word' id='word_1_399' title='bbox 1238 3777 1346 3838; x_wconf 89' lang='lat' dir='ltr'><strong><em>illo</em></strong></span> <span class='ocrx_word' id='word_1_400' title='bbox 1365 3777 1555 3858; x_wconf 89' lang='lat' dir='ltr'><strong><em>spatio</em></strong></span> <span class='ocrx_word' id='word_1_401' title='bbox 1577 3775 1864 3857; x_wconf 88' lang='lat' dir='ltr'><strong><em>temporis</em></strong></span> <span class='ocrx_word' id='word_1_402' title='bbox 1888 3795 2017 3835; x_wconf 92' lang='lat' dir='ltr'><strong><em>mu-</em></strong></span> 
     </span>
     <span class='ocr_line' id='line_1_65' title="bbox 481 3868 2021 3951; baseline -0.001 -21"><span class='ocrx_word' id='word_1_403' title='bbox 481 3889 597 3935; x_wconf 86' lang='lat' dir='ltr'><strong><em>nus</em></strong></span> <span class='ocrx_word' id='word_1_404' title='bbox 615 3868 954 3949; x_wconf 84' lang='lat' dir='ltr'><strong><em>hujusmodi</em></strong></span> <span class='ocrx_word' id='word_1_405' title='bbox 980 3869 1317 3942; x_wconf 79' lang='lat' dir='ltr'><strong><em>sustineret,</em></strong></span> <span class='ocrx_word' id='word_1_406' title='bbox 1341 3870 1844 3951; x_wconf 85' lang='lat' dir='ltr'><strong><em>quemadmodum</em></strong></span> <span class='ocrx_word' id='word_1_407' title='bbox 1865 3888 1901 3930; x_wconf 87' lang='lat' dir='ltr'><strong><em>a</em></strong></span> <span class='ocrx_word' id='word_1_408' title='bbox 1920 3869 2021 3929; x_wconf 86' lang='lat' dir='ltr'><strong><em>Sa-</em></strong></span> 
     </span>
     <span class='ocr_line' id='line_1_66' title="bbox 481 3960 2013 4042; baseline -0.001 -19"><span class='ocrx_word' id='word_1_409' title='bbox 481 3982 591 4023; x_wconf 89' lang='lat' dir='ltr'><strong><em>cro</em></strong></span> <span class='ocrx_word' id='word_1_410' title='bbox 609 3960 961 4022; x_wconf 87' lang='lat' dir='ltr'><strong><em>Tridentino</em></strong></span> <span class='ocrx_word' id='word_1_411' title='bbox 983 3961 1250 4023; x_wconf 89' lang='lat' dir='ltr'><strong><em>Concilio</em></strong></span> <span class='ocrx_word' id='word_1_412' title='bbox 1275 3962 1617 4025; x_wconf 85' lang='lat' dir='ltr'><strong><em>decernitur</em></strong></span> <span class='ocrx_word' id='word_1_413' title='bbox 1634 3983 1777 4024; x_wconf 72' lang='lat' dir='ltr'><strong><em>sess.</em></strong></span> <span class='ocrx_word' id='word_1_414' title='bbox 1806 3967 1861 4022; x_wconf 87' lang='lat'><strong><em>1.</em></strong></span> <span class='ocrx_word' id='word_1_415' title='bbox 1889 3982 2013 4042; x_wconf 80' lang='lat' dir='ltr'><strong><em>cap.</em></strong></span> 
     </span>
     <span class='ocr_line' id='line_1_67' title="bbox 486 4056 1143 4133; baseline -0.005 -17"><span class='ocrx_word' id='word_1_416' title='bbox 486 4062 540 4116; x_wconf 87' lang='lat'><strong><em>1.</em></strong></span> <span class='ocrx_word' id='word_1_417' title='bbox 578 4057 643 4117; x_wconf 80' lang='lat' dir='ltr'><strong><em>dc</em></strong></span> <span class='ocrx_word' id='word_1_418' title='bbox 674 4056 1143 4133; x_wconf 40' lang='lat' dir='ltr'><strong><em>Refer-motiones</em></strong></span> 
     </span>
    </p>

    <p class='ocr_par' dir='ltr' id='par_1_17' title="bbox 481 4149 2028 5158">
     <span class='ocr_line' id='line_1_68' title="bbox 601 4149 2019 4224; baseline 0.001 -14"><span class='ocrx_word' id='word_1_419' title='bbox 601 4155 658 4210; x_wconf 87' lang='grc'><strong>3.</strong></span> <span class='ocrx_word' id='word_1_420' title='bbox 673 4149 1091 4223; x_wconf 83' lang='lat' dir='ltr'><strong><em>Quamobrem</em></strong></span> <span class='ocrx_word' id='word_1_421' title='bbox 1113 4158 1255 4210; x_wconf 90' lang='lat' dir='ltr'><strong><em>tunc</em></strong></span> <span class='ocrx_word' id='word_1_422' title='bbox 1274 4150 1803 4224; x_wconf 62' lang='lat' dir='ltr'><strong><em>nostrumfuisset,</em></strong></span> <span class='ocrx_word' id='word_1_423' title='bbox 1796 4151 2019 4213; x_wconf 80' lang='lat' dir='ltr'><strong><em>·virum</em></strong></span> 
     </span>
     <span class='ocr_line' id='line_1_69' title="bbox 481 4243 2020 4323; baseline 0.003 -20"><span class='ocrx_word' id='word_1_424' title='bbox 481 4243 764 4310; x_wconf 84' lang='lat' dir='ltr'><strong><em>idoneum</em></strong></span> <span class='ocrx_word' id='word_1_425' title='bbox 815 4243 1169 4323; x_wconf 83' lang='lat' dir='ltr'><strong><em>designare,</em></strong></span> <span class='ocrx_word' id='word_1_426' title='bbox 1217 4243 1321 4322; x_wconf 90' lang='lat' dir='ltr'><strong><em>qui</em></strong></span> <span class='ocrx_word' id='word_1_427' title='bbox 1368 4244 1758 4323; x_wconf 84' lang='lat' dir='ltr'><strong><em>explicandae</em></strong></span> <span class='ocrx_word' id='word_1_428' title='bbox 1806 4245 2020 4308; x_wconf 82' lang='lat' dir='ltr'><strong><em>Sacrae</em></strong></span> 
     </span>
     <span class='ocr_line' id='line_1_70' title="bbox 482 4335 2022 4419; baseline 0.003 -21"><span class='ocrx_word' id='word_1_429' title='bbox 482 4337 840 4419; x_wconf 82' lang='lat' dir='ltr'><strong><em>Theologiae</em></strong></span> <span class='ocrx_word' id='word_1_430' title='bbox 869 4335 1327 4416; x_wconf 84' lang='lat' dir='ltr'><strong><em>ptaeficeretur.</em></strong></span> <span class='ocrx_word' id='word_1_431' title='bbox 1385 4337 1611 4398; x_wconf 87' lang='lat' dir='ltr'><strong><em>Verum</em></strong></span> <span class='ocrx_word' id='word_1_432' title='bbox 1659 4339 1739 4400; x_wconf 86' lang='lat' dir='ltr'><strong><em>ob</em></strong></span> <span class='ocrx_word' id='word_1_433' title='bbox 1787 4338 2022 4419; x_wconf 75' lang='lat' dir='ltr'><strong><em>aliquas</em></strong></span> 
     </span>
     <span class='ocr_line' id='line_1_71' title="bbox 483 4429 2022 4513; baseline -0.001 -18"><span class='ocrx_word' id='word_1_434' title='bbox 483 4445 689 4495; x_wconf 77' lang='lat' dir='ltr'><strong><em>causas</em></strong></span> <span class='ocrx_word' id='word_1_435' title='bbox 705 4477 722 4505; x_wconf 94' lang='lat'><strong><em>,</em></strong></span> <span class='ocrx_word' id='word_1_436' title='bbox 743 4450 897 4511; x_wconf 81' lang='lat' dir='ltr'><strong><em>quas</em></strong></span> <span class='ocrx_word' id='word_1_437' title='bbox 919 4430 1033 4491; x_wconf 85' lang='lat' dir='ltr'><strong><em>hoc</em></strong></span> <span class='ocrx_word' id='word_1_438' title='bbox 1054 4429 1183 4491; x_wconf 94' lang='lat' dir='ltr'><strong><em>loco</em></strong></span> <span class='ocrx_word' id='word_1_439' title='bbox 1202 4449 1667 4500; x_wconf 83' lang='lat' dir='ltr'><strong><em>commemorare</em></strong></span> <span class='ocrx_word' id='word_1_440' title='bbox 1688 4432 1850 4500; x_wconf 86' lang='lat' dir='ltr'><strong><em>haud</em></strong></span> <span class='ocrx_word' id='word_1_441' title='bbox 1873 4452 2022 4513; x_wconf 91' lang='lat' dir='ltr'><strong><em>opus</em></strong></span> 
     </span>
     <span class='ocr_line' id='line_1_72' title="bbox 483 4525 2018 4609; baseline 0.001 -19"><span class='ocrx_word' id='word_1_442' title='bbox 483 4537 572 4591; x_wconf 83' lang='lat' dir='ltr'><strong><em>est</em></strong></span> <span class='ocrx_word' id='word_1_443' title='bbox 591 4574 607 4601; x_wconf 99' lang='lat'><strong><em>,</em></strong></span> <span class='ocrx_word' id='word_1_444' title='bbox 638 4525 855 4589; x_wconf 81' lang='lat' dir='ltr'><strong><em>abbae</em></strong></span> <span class='ocrx_word' id='word_1_445' title='bbox 874 4545 942 4587; x_wconf 92' lang='lat' dir='ltr'><strong><em>re</em></strong></span> <span class='ocrx_word' id='word_1_446' title='bbox 968 4525 1088 4586; x_wconf 89' lang='lat' dir='ltr'><strong><em>Nos</em></strong></span> <span class='ocrx_word' id='word_1_447' title='bbox 1111 4525 1543 4600; x_wconf 85' lang='lat' dir='ltr'><strong><em>abstinuimus,</em></strong></span> <span class='ocrx_word' id='word_1_448' title='bbox 1575 4535 1757 4609; x_wconf 86' lang='lat' dir='ltr'><strong><em>atque</em></strong></span> <span class='ocrx_word' id='word_1_449' title='bbox 1783 4527 2018 4592; x_wconf 70' lang='lat' dir='ltr'><strong><em>muneri</em></strong></span> 
     </span>
     <span class='ocr_line' id='line_1_73' title="bbox 486 4620 2027 4705; baseline 0.001 -21"><span class='ocrx_word' id='word_1_450' title='bbox 486 4631 701 4684; x_wconf 81' lang='lat' dir='ltr'><strong><em>nostro·</em></strong></span> <span class='ocrx_word' id='word_1_451' title='bbox 715 4620 1119 4688; x_wconf 81' lang='lat' dir='ltr'><strong><em>satisfacturos</em></strong></span> <span class='ocrx_word' id='word_1_452' title='bbox 1140 4620 1482 4699; x_wconf 78' lang='lat' dir='ltr'><strong><em>putavimus</em></strong></span> <span class='ocrx_word' id='word_1_453' title='bbox 1501 4621 1615 4705; x_wconf 89' lang='lat' dir='ltr'><strong><em>hoc</em></strong></span> <span class='ocrx_word' id='word_1_454' title='bbox 1632 4620 1708 4682; x_wconf 88' lang='lat' dir='ltr'><strong><em>de</em></strong></span> <span class='ocrx_word' id='word_1_455' title='bbox 1729 4621 1892 4684; x_wconf 80' lang='lat' dir='ltr'><strong><em>festis</em></strong></span> <span class='ocrx_word' id='word_1_456' title='bbox 1912 4625 2027 4685; x_wconf 80' lang='lat' dir='ltr'><strong><em>Do-</em></strong></span> 
     </span>
     <span class='ocr_line' id='line_1_74' title="bbox 486 4712 2023 4796; baseline 0 -20"><span class='ocrx_word' id='word_1_457' title='bbox 486 4714 637 4777; x_wconf 82' lang='lat' dir='ltr'><strong><em>&#39;mini</em></strong></span> <span class='ocrx_word' id='word_1_458' title='bbox 665 4712 861 4774; x_wconf 89' lang='lat' dir='ltr'><strong><em>Nostri</em></strong></span> <span class='ocrx_word' id='word_1_459' title='bbox 891 4757 908 4784; x_wconf 92' lang='lat'><strong><em>,</em></strong></span> <span class='ocrx_word' id='word_1_460' title='bbox 937 4720 997 4774; x_wconf 89' lang='lat' dir='ltr'><strong><em>et</em></strong></span> <span class='ocrx_word' id='word_1_461' title='bbox 1025 4713 1238 4773; x_wconf 79' lang='lat' dir='ltr'><strong><em>Beatae</em></strong></span> <span class='ocrx_word' id='word_1_462' title='bbox 1266 4713 1494 4775; x_wconf 73' lang='lat' dir='ltr'><strong><em>Mariae</em></strong></span> <span class='ocrx_word' id='word_1_463' title='bbox 1532 4714 1803 4796; x_wconf 79' lang='lat' dir='ltr'><strong><em>Virginis</em></strong></span> <span class='ocrx_word' id='word_1_464' title='bbox 1849 4715 2023 4776; x_wconf 89' lang='lat' dir='ltr'><strong><em>Com-</em></strong></span> 
     </span>
     <span class='ocr_line' id='line_1_75' title="bbox 486 4807 2024 4917; baseline 0.001 -47"><span class='ocrx_word' id='word_1_465' title='bbox 486 4807 849 4870; x_wconf 86' lang='lat' dir='ltr'><strong><em>mentarium</em></strong></span> <span class='ocrx_word' id='word_1_466' title='bbox 875 4807 1350 4880; x_wconf 85' lang='lat' dir='ltr'><strong><em>conscribentes,</em></strong></span> <span class='ocrx_word' id='word_1_467' title='bbox 1401 4807 1464 4867; x_wconf 89' lang='lat' dir='ltr'><strong><em>in</em></strong></span> <span class='ocrx_word' id='word_1_468' title='bbox 1504 4826 1632 4888; x_wconf 85' lang='lat' dir='ltr'><strong><em>quo</em></strong></span> <span class='ocrx_word' id='word_1_469' title='bbox 1668 4808 1846 4917; x_wconf 86' lang='lat' dir='ltr'><strong><em>plura</em></strong></span> <span class='ocrx_word' id='word_1_470' title='bbox 1880 4828 2024 4871; x_wconf 88' lang='lat' dir='ltr'><strong><em>sane</em></strong></span> 
     </span>
     <span class='ocr_line' id='line_1_76' title="bbox 488 4900 2028 4982; baseline 0.001 -19"><span class='ocrx_word' id='word_1_471' title='bbox 488 4902 853 4973; x_wconf 70' lang='lat' dir='ltr'><strong><em>undanter,</em></strong></span> <span class='ocrx_word' id='word_1_472' title='bbox 881 4908 942 4962; x_wconf 88' lang='lat' dir='ltr'><strong><em>et</em></strong></span> <span class='ocrx_word' id='word_1_473' title='bbox 965 4900 1383 4981; x_wconf 72' lang='lat' dir='ltr'><strong><em>explicantur,</em></strong></span> <span class='ocrx_word' id='word_1_474' title='bbox 1412 4920 1595 4982; x_wconf 85' lang='lat' dir='ltr'><strong><em>quam</em></strong></span> <span class='ocrx_word' id='word_1_475' title='bbox 1636 4902 1686 4963; x_wconf 90' lang='lat' dir='ltr'><strong><em>si</em></strong></span> <span class='ocrx_word' id='word_1_476' title='bbox 1713 4904 1881 4965; x_wconf 84' lang='lat' dir='ltr'><strong><em>statis</em></strong></span> <span class='ocrx_word' id='word_1_477' title='bbox 1906 4903 2028 4966; x_wconf 88' lang='lat' dir='ltr'><strong><em>die-</em></strong></span> 
     </span>
     <span class='ocr_line' id='line_1_77' title="bbox 490 4994 2024 5096; baseline 0.001 -38"><span class='ocrx_word' id='word_1_478' title='bbox 490 4997 604 5058; x_wconf 82' lang='lat' dir='ltr'><strong><em>bus</em></strong></span> <span class='ocrx_word' id='word_1_479' title='bbox 632 4995 855 5056; x_wconf 80' lang='lat' dir='ltr'><strong><em>Sacrae</em></strong></span> <span class='ocrx_word' id='word_1_480' title='bbox 862 4994 1222 5096; x_wconf 68' lang='lat' dir='ltr'><strong><em>&#39;theologiae</em></strong></span> <span class='ocrx_word' id='word_1_481' title='bbox 1246 4995 1527 5062; x_wconf 83' lang='lat' dir='ltr'><strong><em>lectiones</em></strong></span> <span class='ocrx_word' id='word_1_482' title='bbox 1552 4995 1639 5058; x_wconf 88' lang='lat' dir='ltr'><strong><em>de</em></strong></span> <span class='ocrx_word' id='word_1_483' title='bbox 1655 5017 1822 5060; x_wconf 83' lang='lat' dir='ltr'><strong><em>more</em></strong></span> <span class='ocrx_word' id='word_1_484' title='bbox 1849 4998 2024 5060; x_wconf 78' lang='lat' dir='ltr'><strong><em>habi-</em></strong></span> 
     </span>
     <span class='ocr_line' id='line_1_78' title="bbox 493 5088 889 5158; baseline 0 -8"><span class='ocrx_word' id='word_1_485' title='bbox 493 5098 588 5158; x_wconf 81' lang='lat' dir='ltr'><strong><em>tae</em></strong></span> <span class='ocrx_word' id='word_1_486' title='bbox 620 5088 889 5151; x_wconf 74' lang='lat' dir='ltr'><strong><em>fuissent.</em></strong></span> 
     </span>
    </p>

    <p class='ocr_par' dir='ltr' id='par_1_18' title="bbox 488 5113 2026 5456">
     <span class='ocr_line' id='line_1_79' title="bbox 609 5113 2026 5266; baseline 0.004 -22"><span class='ocrx_word' id='word_1_487' title='bbox 609 5188 667 5244; x_wconf 89' lang='grc'><strong>4.</strong></span> <span class='ocrx_word' id='word_1_488' title='bbox 698 5184 777 5244; x_wconf 85' lang='grc' dir='ltr'><strong><em>Ιιι</em></strong></span> <span class='ocrx_word' id='word_1_489' title='bbox 792 5183 906 5244; x_wconf 89' lang='lat' dir='ltr'><strong><em>hoc</em></strong></span> <span class='ocrx_word' id='word_1_490' title='bbox 926 5182 1121 5264; x_wconf 85' lang='lat' dir='ltr'><strong><em>Opere</em></strong></span> <span class='ocrx_word' id='word_1_491' title='bbox 1137 5185 1402 5264; x_wconf 78' lang='lat' dir='ltr'><strong><em>primum</em></strong></span> <span class='ocrx_word' id='word_1_492' title='bbox 1424 5113 1813 5266; x_wconf 78' lang='lat' dir='ltr'><strong><em>explicandas</em></strong></span> <span class='ocrx_word' id='word_1_493' title='bbox 1831 5205 2026 5248; x_wconf 85' lang='lat' dir='ltr'><strong><em>susce·</em></strong></span> 
     </span>
     <span class='ocr_line' id='line_1_80' title="bbox 488 5276 2026 5387; baseline 0.004 -51"><span class='ocrx_word' id='word_1_494' title='bbox 488 5277 690 5387; x_wconf 78' lang='lat' dir='ltr'><strong><em>pimus</em></strong></span> <span class='ocrx_word' id='word_1_495' title='bbox 715 5276 1422 5360; x_wconf 77' lang='lat' dir='ltr'><strong><em>Historico-Theologicas</em></strong></span> <span class='ocrx_word' id='word_1_496' title='bbox 1444 5278 1837 5352; x_wconf 74' lang='lat' dir='ltr'><strong><em>celebritates,</em></strong></span> <span class='ocrx_word' id='word_1_497' title='bbox 1868 5298 2026 5360; x_wconf 90' lang='lat' dir='ltr'><strong><em>quae</em></strong></span> 
     </span>
     <span class='ocr_line' id='line_1_81' title="bbox 488 5370 2020 5456; baseline 0.001 -23"><span class='ocrx_word' id='word_1_498' title='bbox 488 5373 554 5433; x_wconf 88' lang='lat' dir='ltr'><strong><em>in</em></strong></span> <span class='ocrx_word' id='word_1_499' title='bbox 577 5372 865 5432; x_wconf 85' lang='lat' dir='ltr'><strong><em>bonorem</em></strong></span> <span class='ocrx_word' id='word_1_500' title='bbox 892 5372 1031 5438; x_wconf 70' lang='lat' dir='ltr'><strong><em>Iesu</em></strong></span> <span class='ocrx_word' id='word_1_501' title='bbox 1056 5370 1275 5432; x_wconf 86' lang='lat' dir='ltr'><strong><em>Christi</em></strong></span> <span class='ocrx_word' id='word_1_502' title='bbox 1303 5380 1363 5434; x_wconf 89' lang='lat' dir='ltr'><strong><em>et</em></strong></span> <span class='ocrx_word' id='word_1_503' title='bbox 1381 5373 1796 5436; x_wconf 84' lang='lat' dir='ltr'><strong><em>Sanctissimae</em></strong></span> <span class='ocrx_word' id='word_1_504' title='bbox 1817 5374 2020 5456; x_wconf 73' lang='lat' dir='ltr'><strong><em>Virgi-</em></strong></span> 
     </span>
    </p>
   </div>
   <div class='ocr_carea' id='block_1_16' title="bbox 489 5463 2051 5542">
    <p class='ocr_par' dir='ltr' id='par_1_19' title="bbox 489 5463 2051 5542">
     <span class='ocr_line' id='line_1_82' title="bbox 489 5463 2051 5542; baseline 0.001 -15"><span class='ocrx_word' id='word_1_505' title='bbox 489 5467 597 5527; x_wconf 88' lang='lat' dir='ltr'><strong><em>nis</em></strong></span> <span class='ocrx_word' id='word_1_506' title='bbox 624 5463 852 5528; x_wconf 76' lang='lat' dir='ltr'><strong><em>Mariae</em></strong></span> <span class='ocrx_word' id='word_1_507' title='bbox 882 5465 963 5527; x_wconf 89' lang='lat' dir='ltr'><strong><em>ab</em></strong></span> <span class='ocrx_word' id='word_1_508' title='bbox 1003 5464 1265 5528; x_wconf 85' lang='lat' dir='ltr'><strong><em>Ecclesia</em></strong></span> <span class='ocrx_word' id='word_1_509' title='bbox 1307 5465 1615 5528; x_wconf 81' lang='lat' dir='ltr'><strong><em>institutae</em></strong></span> <span class='ocrx_word' id='word_1_510' title='bbox 1653 5475 1837 5542; x_wconf 79' lang='lat' dir='ltr'><strong><em>sunt3</em></strong></span> <span class='ocrx_word' id='word_1_511' title='bbox 1877 5468 2051 5530; x_wconf 42' lang='lat' dir='ltr'><strong><em>Acta*</em></strong></span> 
     </span>
    </p>
   </div>
   <div class='ocr_carea' id='block_1_17' title="bbox 812 5578 1548 5629">
    <p class='ocr_par' dir='ltr' id='par_1_20' title="bbox 812 5578 1548 5629">
     <span class='ocr_line' id='line_1_83' title="bbox 812 5578 1548 5629; baseline 0.004 -4"><span class='ocrx_word' id='word_1_512' title='bbox 812 5588 1022 5626; x_wconf 71' lang='grc' dir='ltr'><strong>ιιιιιιιιιι.</strong></span> <span class='ocrx_word' id='word_1_513' title='bbox 1062 5588 1173 5626; x_wconf 74' lang='lat' dir='ltr'><strong><em>xiv.</em></strong></span> <span class='ocrx_word' id='word_1_514' title='bbox 1215 5588 1338 5625; x_wconf 65' lang='lat' dir='ltr'><strong><em>*ron</em></strong></span> <span class='ocrx_word' id='word_1_515' title='bbox 1400 5578 1548 5629; x_wconf 84' lang='lat' dir='ltr'><strong>vnl.</strong></span> 
     </span>
    </p>
   </div>
   <div class='ocr_carea' id='block_1_18' title="bbox 2121 3671 3654 3764">
    <p class='ocr_par' dir='ltr' id='par_1_21' title="bbox 2121 3671 3654 3764">
     <span class='ocr_line' id='line_1_84' title="bbox 2121 3671 3654 3764; baseline 0.006 -19"><span class='ocrx_word' id='word_1_516' title='bbox 2121 3696 2260 3755; x_wconf 79' lang='lat' dir='ltr'><strong><em>tur,</em></strong></span> <span class='ocrx_word' id='word_1_517' title='bbox 2277 3695 2342 3745; x_wconf 62' lang='grc' dir='ltr'><strong><em>τι</em></strong></span> <span class='ocrx_word' id='word_1_518' title='bbox 2365 3685 2585 3764; x_wconf 79' lang='lat' dir='ltr'><strong><em>publico</em></strong></span> <span class='ocrx_word' id='word_1_519' title='bbox 2604 3695 2999 3764; x_wconf 75' lang='lat' dir='ltr'><strong><em>proponuntur</em></strong></span> <span class='ocrx_word' id='word_1_520' title='bbox 3025 3687 3040 3757; x_wconf 71' lang='lat'><strong><em>‚&#39;</em></strong></span> <span class='ocrx_word' id='word_1_521' title='bbox 3065 3686 3182 3748; x_wconf 81' lang='lat' dir='ltr'><strong><em>hoc</em></strong></span> <span class='ocrx_word' id='word_1_522' title='bbox 3199 3671 3408 3750; x_wconf 75' lang='lat' dir='ltr'><strong><em>‘tamen</em></strong></span> <span class='ocrx_word' id='word_1_523' title='bbox 3443 3690 3654 3753; x_wconf 83' lang='lat' dir='ltr'><strong><em>discri-</em></strong></span> 
     </span>
    </p>
   </div>
   <div class='ocr_carea' id='block_1_19' title="bbox 2083 3769 3656 3857">
    <p class='ocr_par' dir='ltr' id='par_1_22' title="bbox 2083 3769 3656 3857">
     <span class='ocr_line' id='line_1_85' title="bbox 2083 3769 3656 3857; baseline 0.006 -19"><span class='ocrx_word' id='word_1_524' title='bbox 2083 3776 2095 3784; x_wconf 76' lang='grc'><strong>’</strong></span> <span class='ocrx_word' id='word_1_525' title='bbox 2123 3778 2327 3850; x_wconf 90' lang='lat' dir='ltr'><strong><em>mine,</em></strong></span> <span class='ocrx_word' id='word_1_526' title='bbox 2356 3769 2520 3857; x_wconf 80' lang='lat' dir='ltr'><strong><em>quod</em></strong></span> <span class='ocrx_word' id='word_1_527' title='bbox 2549 3776 2623 3838; x_wconf 90' lang='lat' dir='ltr'><strong><em>de</em></strong></span> <span class='ocrx_word' id='word_1_528' title='bbox 2653 3777 3022 3857; x_wconf 76' lang='lat' dir='ltr'><strong><em>quibusdam</em></strong></span> <span class='ocrx_word' id='word_1_529' title='bbox 3042 3780 3313 3842; x_wconf 81' lang='lat' dir='ltr'><strong><em>articulis</em></strong></span> <span class='ocrx_word' id='word_1_530' title='bbox 3340 3778 3656 3852; x_wconf 82' lang='lat' dir='ltr'><strong><em>sublimio-</em></strong></span> 
     </span>
    </p>
   </div>
   <div class='ocr_carea' id='block_1_20' title="bbox 2124 3868 3676 5528">
    <p class='ocr_par' dir='ltr' id='par_1_23' title="bbox 2124 3868 3665 3956">
     <span class='ocr_line' id='line_1_86' title="bbox 2124 3868 3665 3956; baseline 0.006 -26"><span class='ocrx_word' id='word_1_531' title='bbox 2124 3870 2296 3931; x_wconf 83' lang='lat' dir='ltr'><strong><em>ribus</em></strong></span> <span class='ocrx_word' id='word_1_532' title='bbox 2320 3876 2608 3932; x_wconf 83' lang='lat' dir='ltr'><strong><em>tenentur</em></strong></span> <span class='ocrx_word' id='word_1_533' title='bbox 2623 3869 2727 3930; x_wconf 74' lang='lat' dir='ltr'><strong><em>atii</em></strong></span> <span class='ocrx_word' id='word_1_534' title='bbox 2749 3868 2928 3931; x_wconf 84' lang='lat' dir='ltr'><strong><em>fidem</em></strong></span> <span class='ocrx_word' id='word_1_535' title='bbox 2951 3871 3174 3933; x_wconf 85' lang='lat' dir='ltr'><strong><em>habere</em></strong></span> <span class='ocrx_word' id='word_1_536' title='bbox 3193 3872 3412 3956; x_wconf 82' lang='lat' dir='ltr'><strong><em>magis,-</em></strong></span> <span class='ocrx_word' id='word_1_537' title='bbox 3407 3876 3531 3938; x_wconf 89' lang='lat' dir='ltr'><strong><em>alii</em></strong></span> <span class='ocrx_word' id='word_1_538' title='bbox 3557 3878 3665 3939; x_wconf 92' lang='lat' dir='ltr'><strong><em>mi-</em></strong></span> 
     </span>
    </p>

    <p class='ocr_par' dir='ltr' id='par_1_24' title="bbox 2125 3959 3676 5528">
     <span class='ocr_line' id='line_1_87' title="bbox 2125 3959 3663 4050; baseline 0.007 -26"><span class='ocrx_word' id='word_1_539' title='bbox 2125 3981 2240 4025; x_wconf 84' lang='lat' dir='ltr'><strong><em>nus</em></strong></span> <span class='ocrx_word' id='word_1_540' title='bbox 2261 3962 2628 4044; x_wconf 75' lang='lat' dir='ltr'><strong><em>explicitam.</em></strong></span> <span class='ocrx_word' id='word_1_541' title='bbox 2654 3964 2816 4043; x_wconf 89' lang='lat' dir='ltr'><strong><em>quod</em></strong></span> <span class='ocrx_word' id='word_1_542' title='bbox 2835 3964 3112 4046; x_wconf 89' lang='lat' dir='ltr'><strong><em>deinceps</em></strong></span> <span class='ocrx_word' id='word_1_543' title='bbox 3132 3967 3400 4049; x_wconf 77' lang='lat' dir='ltr'><strong><em>explicat</em></strong></span> <span class='ocrx_word' id='word_1_544' title='bbox 3413 3959 3663 4050; x_wconf 75' lang='lat' dir='ltr'><strong><em>Sanctus</em></strong></span> 
     </span>
     <span class='ocr_line' id='line_1_88' title="bbox 2126 4033 3662 4146; baseline 0.007 -28"><span class='ocrx_word' id='word_1_545' title='bbox 2126 4033 2344 4118; x_wconf 86' lang='lat' dir='ltr'><strong><em>Doctor</em></strong></span> <span class='ocrx_word' id='word_1_546' title='bbox 2370 4057 2434 4117; x_wconf 88' lang='lat' dir='ltr'><strong><em>in</em></strong></span> <span class='ocrx_word' id='word_1_547' title='bbox 2467 4057 3113 4121; x_wconf 59' lang='lat' dir='ltr'><strong><em>Incarnatifflaebi</em></strong></span> <span class='ocrx_word' id='word_1_548' title='bbox 3143 4064 3468 4143; x_wconf 82' lang='lat' dir='ltr'><strong><em>mysterio,</em></strong></span> <span class='ocrx_word' id='word_1_549' title='bbox 3502 4058 3662 4146; x_wconf 82' lang='lat' dir='ltr'><strong><em>quod</em></strong></span> 
     </span>
     <span class='ocr_line' id='line_1_89' title="bbox 2129 4149 3668 4225; baseline 0.006 -13"><span class='ocrx_word' id='word_1_550' title='bbox 2129 4159 2327 4212; x_wconf 88' lang='lat' dir='ltr'><strong><em>tamen</em></strong></span> <span class='ocrx_word' id='word_1_551' title='bbox 2347 4151 2425 4212; x_wconf 86' lang='lat' dir='ltr'><strong><em>ab</em></strong></span> <span class='ocrx_word' id='word_1_552' title='bbox 2442 4149 2725 4211; x_wconf 91' lang='lat' dir='ltr'><strong><em>omnibus</em></strong></span> <span class='ocrx_word' id='word_1_553' title='bbox 2744 4152 3104 4225; x_wconf 84' lang='lat' dir='ltr'><strong><em>credendum</em></strong></span> <span class='ocrx_word' id='word_1_554' title='bbox 3121 4163 3209 4216; x_wconf 85' lang='lat' dir='ltr'><strong><em>est</em></strong></span> <span class='ocrx_word' id='word_1_555' title='bbox 3228 4159 3560 4219; x_wconf 60' lang='lat' dir='ltr'><strong><em>musitata</em></strong></span> <span class='ocrx_word' id='word_1_556' title='bbox 3560 4180 3668 4222; x_wconf 77' lang='lat' dir='ltr'><strong><em>mo-</em></strong></span> 
     </span>
     <span class='ocr_line' id='line_1_90' title="bbox 2128 4243 3667 4325; baseline 0.006 -21"><span class='ocrx_word' id='word_1_557' title='bbox 2128 4246 2214 4304; x_wconf 80' lang='lat' dir='ltr'><strong><em>dii</em></strong></span> <span class='ocrx_word' id='word_1_558' title='bbox 2241 4293 2256 4314; x_wconf 90' lang='lat'><strong><em>,</em></strong></span> <span class='ocrx_word' id='word_1_559' title='bbox 2290 4253 2357 4306; x_wconf 79' lang='lat' dir='ltr'><strong><em>ut</em></strong></span> <span class='ocrx_word' id='word_1_560' title='bbox 2389 4243 2674 4325; x_wconf 81' lang='lat' dir='ltr'><strong><em>Theologi</em></strong></span> <span class='ocrx_word' id='word_1_561' title='bbox 2709 4244 2955 4307; x_wconf 87' lang='lat' dir='ltr'><strong><em>edocent</em></strong></span> <span class='ocrx_word' id='word_1_562' title='bbox 2983 4294 2998 4317; x_wconf 90' lang='lat'><strong><em>,</em></strong></span> <span class='ocrx_word' id='word_1_563' title='bbox 3028 4248 3178 4308; x_wconf 78' lang='lat' dir='ltr'><strong><em>alias</em></strong></span> <span class='ocrx_word' id='word_1_564' title='bbox 3212 4260 3400 4310; x_wconf 76' lang='lat' dir='ltr'><strong><em>autem</em></strong></span> <span class='ocrx_word' id='word_1_565' title='bbox 3439 4254 3667 4314; x_wconf 76' lang='lat' dir='ltr'><strong><em>subtiles</em></strong></span> 
     </span>
     <span class='ocr_line' id='line_1_91' title="bbox 2126 4337 3673 4407; baseline 0.008 -11"><span class='ocrx_word' id='word_1_566' title='bbox 2126 4340 2586 4402; x_wconf 64' lang='lat' dir='ltr'><strong><em>consideo-aticum</em></strong></span> <span class='ocrx_word' id='word_1_567' title='bbox 2604 4340 2755 4398; x_wconf 84' lang='lat' dir='ltr'><strong><em>circa</em></strong></span> <span class='ocrx_word' id='word_1_568' title='bbox 2770 4337 3186 4404; x_wconf 62' lang='lat' dir='ltr'><strong><em>lucar-nationis</em></strong></span> <span class='ocrx_word' id='word_1_569' title='bbox 3201 4345 3476 4404; x_wconf 77' lang='lat' dir='ltr'><strong><em>articulos</em></strong></span> <span class='ocrx_word' id='word_1_570' title='bbox 3493 4356 3673 4407; x_wconf 64' lang='lat' dir='ltr'><strong><em>tmus-</em></strong></span> 
     </span>
     <span class='ocr_line' id='line_1_92' title="bbox 2130 4433 3667 4513; baseline 0.006 -21"><span class='ocrx_word' id='word_1_571' title='bbox 2130 4443 2227 4492; x_wconf 83' lang='lat' dir='ltr'><strong><em>tur</em></strong></span> <span class='ocrx_word' id='word_1_572' title='bbox 2246 4433 2434 4511; x_wconf 83' lang='lat' dir='ltr'><strong><em>aliqui</em></strong></span> <span class='ocrx_word' id='word_1_573' title='bbox 2454 4433 2634 4509; x_wconf 76' lang='lat' dir='ltr'><strong><em>maqis</em></strong></span> <span class='ocrx_word' id='word_1_574' title='bbox 2646 4433 2737 4494; x_wconf 71' lang='lat' dir='ltr'><strong><em>ml</em></strong></span> <span class='ocrx_word' id='word_1_575' title='bbox 2755 4435 2943 4492; x_wconf 70' lang='lat' dir='ltr'><strong><em>miuus</em></strong></span> <span class='ocrx_word' id='word_1_576' title='bbox 2960 4436 3222 4513; x_wconf 63' lang='lat' dir='ltr'><strong><em>amplicite</em></strong></span> <span class='ocrx_word' id='word_1_577' title='bbox 3243 4438 3460 4498; x_wconf 73' lang='lat' dir='ltr'><strong><em>credere</em></strong></span> <span class='ocrx_word' id='word_1_578' title='bbox 3471 4447 3667 4501; x_wconf 65' lang='lat' dir='ltr'><strong><em>sccun-</em></strong></span> 
     </span>
     <span class='ocr_line' id='line_1_93' title="bbox 2126 4515 3662 4613; baseline 0.007 -28"><span class='ocrx_word' id='word_1_579' title='bbox 2126 4528 2263 4586; x_wconf 63' lang='grc' dir='ltr'><strong>Μ.</strong></span> <span class='ocrx_word' id='word_1_580' title='bbox 2282 4528 2428 4605; x_wconf 70' lang='lat' dir='ltr'><strong><em>quoa</em></strong></span> <span class='ocrx_word' id='word_1_581' title='bbox 2446 4528 2697 4586; x_wconf 64' lang='lat' dir='ltr'><strong><em>convena</em></strong></span> <span class='ocrx_word' id='word_1_582' title='bbox 2715 4529 2916 4596; x_wconf 61' lang='lat' dir='ltr'><strong><em>statui,</em></strong></span> <span class='ocrx_word' id='word_1_583' title='bbox 2941 4537 2996 4587; x_wconf 68' lang='lat' dir='ltr'><strong><em>oe</em></strong></span> <span class='ocrx_word' id='word_1_584' title='bbox 3011 4517 3185 4608; x_wconf 65' lang='lat' dir='ltr'><em>officio</em></span> <span class='ocrx_word' id='word_1_585' title='bbox 3202 4515 3662 4613; x_wconf 56' lang='lat' dir='ltr'><strong><em>mmmm.</em></strong></span> 
     </span>
     <span class='ocr_line' id='line_1_94' title="bbox 2130 4617 3674 4701; baseline 0.006 -21"><span class='ocrx_word' id='word_1_586' title='bbox 2130 4621 2187 4680; x_wconf 72' lang='lat' dir='ltr'>A</span> <span class='ocrx_word' id='word_1_587' title='bbox 2203 4619 2385 4680; x_wconf 87' lang='lat' dir='ltr'><strong><em>Sacro</em></strong></span> <span class='ocrx_word' id='word_1_588' title='bbox 2412 4617 2678 4680; x_wconf 87' lang='lat' dir='ltr'><strong><em>Concilio</em></strong></span> <span class='ocrx_word' id='word_1_589' title='bbox 2698 4618 3051 4680; x_wconf 74' lang='lat' dir='ltr'><strong><em>Tridentino</em></strong></span> <span class='ocrx_word' id='word_1_590' title='bbox 3073 4626 3453 4701; x_wconf 79' lang='lat' dir='ltr'><strong><em>praeceptum</em></strong></span> <span class='ocrx_word' id='word_1_591' title='bbox 3471 4632 3579 4699; x_wconf 76' lang='lat' dir='ltr'><strong><em>est,</em></strong></span> <span class='ocrx_word' id='word_1_592' title='bbox 3604 4635 3674 4689; x_wconf 88' lang='lat' dir='ltr'><strong><em>ut</em></strong></span> 
     </span>
     <span class='ocr_line' id='line_1_95' title="bbox 2130 4711 3670 4788; baseline 0.006 -16"><span class='ocrx_word' id='word_1_593' title='bbox 2130 4731 2339 4773; x_wconf 88' lang='lat' dir='ltr'><strong><em>omnes</em></strong></span> <span class='ocrx_word' id='word_1_594' title='bbox 2369 4712 2944 4788; x_wconf 84' lang='lat' dir='ltr'><strong><em>animarum-curam</em></strong></span> <span class='ocrx_word' id='word_1_595' title='bbox 2981 4711 3268 4776; x_wconf 84' lang='lat' dir='ltr'><strong><em>babentes</em></strong></span> <span class='ocrx_word' id='word_1_596' title='bbox 3293 4715 3506 4778; x_wconf 87' lang='lat' dir='ltr'><strong><em>diebus</em></strong></span> <span class='ocrx_word' id='word_1_597' title='bbox 3549 4720 3670 4781; x_wconf 85' lang='lat' dir='ltr'><strong><em>Do-</em></strong></span> 
     </span>
     <span class='ocr_line' id='line_1_96' title="bbox 2133 4805 3673 4892; baseline 0.005 -26"><span class='ocrx_word' id='word_1_598' title='bbox 2133 4805 2368 4867; x_wconf 86' lang='lat' dir='ltr'><strong><em>minicis</em></strong></span> <span class='ocrx_word' id='word_1_599' title='bbox 2386 4811 2446 4867; x_wconf 84' lang='lat' dir='ltr'><strong><em>et</em></strong></span> <span class='ocrx_word' id='word_1_600' title='bbox 2458 4805 2644 4866; x_wconf 88' lang='lat' dir='ltr'><strong><em>Festis</em></strong></span> <span class='ocrx_word' id='word_1_601' title='bbox 2660 4805 3027 4867; x_wconf 87' lang='lat' dir='ltr'><strong><em>solemnibus</em></strong></span> <span class='ocrx_word' id='word_1_602' title='bbox 3050 4813 3363 4870; x_wconf 85' lang='lat' dir='ltr'><strong><em>teneantur</em></strong></span> <span class='ocrx_word' id='word_1_603' title='bbox 3383 4811 3673 4892; x_wconf 85' lang='lat' dir='ltr'><strong><em>populum</em></strong></span> 
     </span>
     <span class='ocr_line' id='line_1_97' title="bbox 2131 4899 3668 4985; baseline 0.006 -24"><span class='ocrx_word' id='word_1_604' title='bbox 2131 4899 2246 4961; x_wconf 87' lang='lat' dir='ltr'><strong><em>sibi</em></strong></span> <span class='ocrx_word' id='word_1_605' title='bbox 2298 4899 2682 4961; x_wconf 86' lang='lat' dir='ltr'><strong><em>commissum</em></strong></span> <span class='ocrx_word' id='word_1_606' title='bbox 2732 4899 2937 4960; x_wconf 84' lang='lat' dir='ltr'><strong><em>verbis</em></strong></span> <span class='ocrx_word' id='word_1_607' title='bbox 2974 4899 3340 4964; x_wconf 84' lang='lat' dir='ltr'><strong><em>salutaribus</em></strong></span> <span class='ocrx_word' id='word_1_608' title='bbox 3384 4923 3630 4985; x_wconf 83' lang='lat' dir='ltr'><strong><em>pascere</em></strong></span> <span class='ocrx_word' id='word_1_609' title='bbox 3649 4954 3668 4981; x_wconf 90' lang='lat'><strong><em>,</em></strong></span> 
     </span>
     <span class='ocr_line' id='line_1_98' title="bbox 2132 4992 3673 5079; baseline 0.006 -26"><span class='ocrx_word' id='word_1_610' title='bbox 2132 5002 2496 5073; x_wconf 86' lang='lat' dir='ltr'><strong><em>exponentes</em></strong></span> <span class='ocrx_word' id='word_1_611' title='bbox 2519 4992 2789 5053; x_wconf 84' lang='lat' dir='ltr'><strong><em>breviter</em></strong></span> <span class='ocrx_word' id='word_1_612' title='bbox 2816 5037 2832 5065; x_wconf 91' lang='lat'><strong><em>‚</em></strong></span> <span class='ocrx_word' id='word_1_613' title='bbox 2864 5011 2936 5054; x_wconf 88' lang='lat' dir='ltr'><strong><em>ac</em></strong></span> <span class='ocrx_word' id='word_1_614' title='bbox 2975 4993 3152 5058; x_wconf 80' lang='lat' dir='ltr'><strong><em>facile</em></strong></span> <span class='ocrx_word' id='word_1_615' title='bbox 3192 4996 3340 5059; x_wconf 85' lang='lat' dir='ltr'><strong><em>vitia</em></strong></span> <span class='ocrx_word' id='word_1_616' title='bbox 3381 5017 3538 5079; x_wconf 86' lang='lat' dir='ltr'><strong><em>quae</em></strong></span> <span class='ocrx_word' id='word_1_617' title='bbox 3576 5000 3673 5061; x_wconf 83' lang='lat' dir='ltr'><strong><em>fu-</em></strong></span> 
     </span>
     <span class='ocr_line' id='line_1_99' title="bbox 2133 5086 3676 5174; baseline 0.006 -27"><span class='ocrx_word' id='word_1_618' title='bbox 2133 5086 2354 5168; x_wconf 82' lang='lat' dir='ltr'><strong><em>gienda</em></strong></span> <span class='ocrx_word' id='word_1_619' title='bbox 2370 5135 2386 5156; x_wconf 93' lang='lat'><strong><em>,</em></strong></span> <span class='ocrx_word' id='word_1_620' title='bbox 2416 5095 2479 5148; x_wconf 88' lang='lat' dir='ltr'><strong><em>et·</em></strong></span> <span class='ocrx_word' id='word_1_621' title='bbox 2503 5086 2758 5160; x_wconf 74' lang='lat' dir='ltr'><strong><em>yirtutes</em></strong></span> <span class='ocrx_word' id='word_1_622' title='bbox 2782 5106 2941 5167; x_wconf 90' lang='lat' dir='ltr'><strong><em>quae</em></strong></span> <span class='ocrx_word' id='word_1_623' title='bbox 2958 5088 3582 5174; x_wconf 75' lang='lat' dir='ltr'><strong><em>amplectendae&#39;sunt,</em></strong></span> <span class='ocrx_word' id='word_1_624' title='bbox 3606 5104 3676 5158; x_wconf 89' lang='lat' dir='ltr'><strong><em>nt</em></strong></span> 
     </span>
     <span class='ocr_line' id='line_1_100' title="bbox 2134 5178 3674 5265; baseline 0.002 -21"><span class='ocrx_word' id='word_1_625' title='bbox 2134 5179 2581 5244; x_wconf 77' lang='lat' dir='ltr'><strong><em>danmationem</em></strong></span> <span class='ocrx_word' id='word_1_626' title='bbox 2603 5178 2861 5241; x_wconf 84' lang='lat' dir='ltr'><strong><em>evadant</em></strong></span> <span class='ocrx_word' id='word_1_627' title='bbox 2885 5185 2947 5241; x_wconf 90' lang='lat' dir='ltr'><strong><em>et</em></strong></span> <span class='ocrx_word' id='word_1_628' title='bbox 2977 5179 3231 5243; x_wconf 84' lang='lat' dir='ltr'><strong><em>salutem</em></strong></span> <span class='ocrx_word' id='word_1_629' title='bbox 3275 5179 3674 5265; x_wconf 85' lang='lat' dir='ltr'><strong><em>assequantur</em></strong></span> 
     </span>
     <span class='ocr_line' id='line_1_101' title="bbox 2134 5272 3674 5353; baseline 0.003 -17"><span class='ocrx_word' id='word_1_630' title='bbox 2134 5273 2597 5353; x_wconf 75' lang='lat' dir='ltr'><strong><em>sempiternam:</em></strong></span> <span class='ocrx_word' id='word_1_631' title='bbox 2628 5272 2790 5352; x_wconf 82' lang='lat' dir='ltr'><strong><em>quod</em></strong></span> <span class='ocrx_word' id='word_1_632' title='bbox 2817 5273 2999 5335; x_wconf 86' lang='lat' dir='ltr'><strong><em>etiam</em></strong></span> <span class='ocrx_word' id='word_1_633' title='bbox 3023 5274 3417 5342; x_wconf 69' lang='lat' dir='ltr'><strong><em>confirmatur</em></strong></span> <span class='ocrx_word' id='word_1_634' title='bbox 3442 5281 3674 5341; x_wconf 72' lang='lat' dir='ltr'><strong><em>sessione</em></strong></span> 
     </span>
     <span class='ocr_line' id='line_1_102' title="bbox 2132 5365 3672 5448; baseline 0.003 -19"><span class='ocrx_word' id='word_1_635' title='bbox 2132 5373 2230 5429; x_wconf 77' lang='grc'><strong>24.</strong></span> <span class='ocrx_word' id='word_1_636' title='bbox 2263 5387 2392 5448; x_wconf 75' lang='grc' dir='ltr'><strong>σοι).</strong></span> <span class='ocrx_word' id='word_1_637' title='bbox 2421 5371 2481 5428; x_wconf 85' lang='grc'><strong>4.</strong></span> <span class='ocrx_word' id='word_1_638' title='bbox 2515 5367 2581 5428; x_wconf 73' lang='grc' dir='ltr'><strong><em>ἀι</em></strong></span> <span class='ocrx_word' id='word_1_639' title='bbox 2610 5367 3023 5445; x_wconf 59' lang='lat' dir='ltr'><strong><em>Rosci-*natione</em></strong></span> <span class='ocrx_word' id='word_1_640' title='bbox 3045 5389 3069 5437; x_wconf 82' lang='lat'><strong><em>,-</em></strong></span> <span class='ocrx_word' id='word_1_641' title='bbox 3098 5365 3605 5448; x_wconf 86' lang='lat' dir='ltr'><strong><em>quemadmodum</em></strong></span> <span class='ocrx_word' id='word_1_642' title='bbox 3635 5393 3672 5438; x_wconf 86' lang='lat' dir='ltr'><strong><em>a</em></strong></span> 
     </span>
     <span class='ocr_line' id='line_1_103' title="bbox 2134 5460 3668 5528; baseline 0.003 -4"><span class='ocrx_word' id='word_1_643' title='bbox 2134 5462 2310 5525; x_wconf 90' lang='lat' dir='ltr'><strong><em>nobis</em></strong></span> <span class='ocrx_word' id='word_1_644' title='bbox 2333 5462 2465 5525; x_wconf 80' lang='lat' dir='ltr'><strong><em>fuse</em></strong></span> <span class='ocrx_word' id='word_1_645' title='bbox 2488 5462 2869 5524; x_wconf 73' lang='lat' dir='ltr'><strong><em>oboervatum</em></strong></span> <span class='ocrx_word' id='word_1_646' title='bbox 2897 5460 3076 5523; x_wconf 82' lang='lat' dir='ltr'><strong><em>estin</em></strong></span> <span class='ocrx_word' id='word_1_647' title='bbox 3106 5461 3299 5524; x_wconf 81' lang='lat' dir='ltr'><strong><em>Instit.</em></strong></span> <span class='ocrx_word' id='word_1_648' title='bbox 3333 5479 3395 5525; x_wconf 83' lang='lat' dir='ltr'><strong><em>x.</em></strong></span> <span class='ocrx_word' id='word_1_649' title='bbox 3429 5471 3573 5526; x_wconf 86' lang='lat' dir='ltr'><strong><em>tom.</em></strong></span> <span class='ocrx_word' id='word_1_650' title='bbox 3613 5472 3668 5528; x_wconf 88' lang='grc'><strong><em>1.</em></strong></span> 
     </span>
    </p>
   </div>
   <div class='ocr_carea' id='block_1_21' title="bbox 3223 5573 3292 5625">
    <p class='ocr_par' dir='ltr' id='par_1_25' title="bbox 3223 5573 3292 5625">
     <span class='ocr_line' id='line_1_104' title="bbox 3223 5573 3292 5625; baseline -0.029 0"><span class='ocrx_word' id='word_1_651' title='bbox 3223 5573 3292 5625; x_wconf 74' lang='grc'><strong><em>42</em></strong></span> 
     </span>
    </p>
   </div>
  </div>
 </body>
</html>
