4487 6316
1000 487 1069 556 iss
1756 504 1845 558 ns
1883 500 2367 556 sacr-osmero
2404 500 2621 555 mssa·
2659 503 3039 558 sacmrtclo

813 665 1034 708 munus
1049 665 1227 708 suum
1251 647 1468 727 exequi
1491 647 1724 722 volunt,
1740 647 1806 709 in
1829 647 2009 709 Missa
2031 645 2367 707 parochiali
2477 654 2768 709 eruerunt
2812 647 3190 728 disciplinam
3223 646 3298 712 de
3341 645 3522 711 Missa
3555 648 4030 712 Catechumeno·

812 749 946 822 post
970 742 1366 822 Evangelium
1394 761 1728 804 sermonem
1754 735 2018 804 habeant
2054 740 2217 801 festis
2237 739 2368 801 die-
2417 779 2424 842 ¹
2477 759 2615 801 rum
2637 761 2654 814 ;
2678 760 2779 802 eos
2802 739 3075 803 videlicet
3102 787 3118 815 ,
3164 741 3491 822 itidemque
3529 742 3936 816 poenitentes,
3966 751 4027 805 et

810 833 1028 918 busad
1061 835 1373 916 populum,
1405 856 1596 916 eaque
1623 856 1763 897 eum
1785 836 2066 908 doceant,
2096 853 2254 915 quae
2274 853 2368 896 co-
2416 853 2423 926 ς
2473 832 2925 914 Energumenos
2956 834 3175 896 dimitti
3194 836 3587 896 consuevisse.
3618 836 3905 916 Quisquis
3926 856 4032 898 au-

808 929 980 1011 gnitu
1010 950 1160 1010 opus
1185 937 1275 992 est
1308 931 1382 992 ad
1425 939 1730 993 aeternam
1755 928 2234 1010 consequendam
2276 947 2366 990 sa-
2417 939 2422 946 ‘

2474 932 2593 987 tem
2618 935 2879 989 veterem
2903 927 3247 1009 hujusmodi
3274 927 3460 990 ritum
3503 930 3690 1009 probe
3722 928 4027 1011 cognitum

810 1020 1031 1097 lutem,
1085 1044 1241 1104 quae
1292 1023 1543 1086 virtutes
1580 1024 1734 1098 sint,
1779 1042 1936 1104 quae
1977 1022 2160 1096 vitia,
2214 1021 2364 1102 quid
2473 1017 2699 1083 habere
2724 1020 2959 1103 cupiat,
2991 1021 3260 1103 ipsorum
3284 1024 3614 1085 Auctorum
3643 1043 3826 1104 opera
3862 1023 4027 1086 evol·

808 1119 1209 1199 expetendum
1254 1118 1680 1202 fugiendumve
1702 1165 1718 1193 ,
1771 1126 1840 1180 ut
1884 1117 2194 1180 caelestem
2231 1114 2362 1197 glo-
2414 1129 2421 1178 ,ι’
2473 1122 2594 1196 vat.

811 1211 966 1273 riam
1008 1212 1429 1293 adipiscamur.
1482 1213 1772 1275 Videatur
1815 1231 1948 1292 cap.
1994 1216 2053 1271 2.
2105 1228 2245 1270 sess,
2296 1215 2355 1270 5.

810 1305 1035 1371 Concil.
1055 1308 1220 1369 Trid.
1240 1303 1569 1369 dereform.
1589 1307 1871 1388 quodque
1895 1325 2002 1366 nos
2023 1304 2231 1366 Edicto
2258 1308 2351 1365 10.

800 1400 917 1465 hac
942 1403 1016 1464 de
1039 1423 1105 1464 re
1131 1403 1378 1464 uberius
1390 1402 1741 1484 persequuti
1770 1421 1996 1463 sumus.

474 1539 540 1581 n.
556 1539 682 1582 ff...
699 1552 769 1582 α,
927 1502 985 1557 9.
1018 1498 1195 1560 Lecto
1220 1497 1548 1579 Evangelio
1571 1507 1632 1559 et
1650 1497 1937 1558 Sermone
1964 1493 2207 1566 habite,
2243 1492 2355 1554 Ca-

2591 1213 2684 1269 10.
2734 1209 2872 1271 Ex'
2854 1208 2967 1282 tis,
2993 1230 3150 1291 quae
3200 1210 3487 1272 hactenus
3527 1211 3831 1285 diximus,
3877 1211 4020 1274 satis
4062 1256 4180 1311 Quae
4199 1256 4248 1298 m
4276 1259 4366 1298 C„

2410 1309 2660 1380 ·,patet
2691 1323 2990 1383 quaenam
3011 1313 3161 1367 esset
3192 1305 3372 1366 Missa
3400 1305 4012 1380 Catechumcnorum‚
4061 1314 4155 1411 gn:
4157 1328 4328 1427 ⁸mogo·
4279 1385 4362 1414 aa

2407 1383 2414 1484 ᾗ
2466 1415 2765 1474 quaenam
2807 1399 2989 1460 Missa
3038 1399 3371 1472 Fidelium,
3403 1419 3560 1479 quae
3611 1401 3791 1462 etiam
3843 1401 4023 1464 Missa
4066 1428 4199 1469 men
4201 1443 4306 1482 um,

2407 1489 2985 1575 38acramentorum
3007 1494 3339 1569 dicebatur,
3366 1495 3471 1575 qui
3499 1497 3712 1557 Missae
3734 1496 4018 1558 Catechn·
4057 1488 4359 1585 Ἦωὶξθ

472 1595 596 1638 ⁰⁸⁸⁰
569 1610 741 1641 umo-
810 1591 1302 1654 techumenorum
1323 1592 1503 1653 Missa
1526 1599 1763 1672 peracta
1783 1598 1932 1652 erat.
1966 1589 2058 1650 Ad
2079 1590 2250 1670 cujus
2266 1586 2355 1648 rei
2406 1629 2411 1696 Ι
2465 1604 2780 1647 menorum
2828 1589 3121 1650 terminus
3162 1597 3331 1652 esset.
3383 1591 3625 1653 Missam
3667 1612 3811 1654 vero
3842 1592 4016 1653 Fi'dc-
4058 1599 4199 1642 ¹¹³⁸·-

650 1657 764 1711 Qu·-

473 1666 585 1753 ω’...-
621 1712 767 1756 lum
807 1685 1265 1768 intelligentiam
1304 1686 1645 1760 sciendum,
1678 1685 1741 1746 in
1780 1693 2041 1765 quatuor
2066 1682 2279 1745 classes
2318 1701 2356 1744 a
2405 1704 2411 1766 ῑ

2463 1675 2614 1739 lium
2636 1680 2998 1760 appellatam
3030 1702 3170 1745 esse
3181 1685 3424 1746 Missam
3459 1685 4017 1760 Sacramentorum,

466 1768 730 1872 &m
805 1780 1095 1863 Gregorio
1155 1779 1667 1855 Neocaesariensss
1711 1779 1975 1850 Basilio,
2023 1779 2355 1858 ceterisque
2403 1777 2410 1868 f
2460 1770 2762 1854 colligitur
2789 1796 2865 1836 ex
2889 1778 3074 1839 lvone
3101 1778 3447 1841 Carnotensi
3471 1779 3642 1860 epist.
3676 1785 3774 1840 75.
3803 1780 3879 1842 ad
3916 1781 4023 1844 Pa-

803 1874 1085 1936 Patribus
1127 1873 1395 1954 antiquis
1438 1875 1500 1935 in
1545 1875 1669 1935 suis
1713 1873 2056 1935 Canonibus
2081 1870 2355 1952 publicos
2404 1871 2408 1876 ’
2460 1865 2722 1929 sebalem
2755 1869 3126 1946 Pontificem,
3160 1871 3265 1934 ubi
3302 1891 3550 1934 suorum
3579 1873 4021 1936 Canonicorum

799 1969 1177 2031 Poeuitentes
1200 1968 1502 2031 distribui.
1531 1968 1651 2030 Alii
1680 1969 1733 2029 F
1732 1971 1897 2029 lcntcs
1923 2016 1938 2039 ,
1968 1967 2073 2028 alii
2094 1967 2350 2026 Audien-

793 2072 903 2135 τοι,
936 2062 1042 2125 alii
1083 2062 1473 2135 Con-sistentes,
1520 2063 1628 2125 alii
1660 2063 1947 2125 Prostrati
1968 2062 2345 2124 dicebantur.

800 2158 1018 2222 Flentes
1041 2207 1058 2231 ‚
1089 2160 1329 2222 stabant
1349 2167 1519 2220 extra
1552 2157 1756 2239 templi
1773 2159 2025 2240 Jauuam
2052 2201 2068 2230 ,
2093 2155 2199 2218 ubi
2241 2175 2353 2217 sua

795 2262 1034 2335 peccata
1071 2253 1387 2317 deflebant.
1426 2253 1730 2313 Audientcs
1761 2262 1822 2314 et
1860 2252 2149 2313 Prostrati
2186 2249 2251 2310 in
2278 2268 2349 2310 ea

797 2348 1002 2429 templi
1032 2357 1234 2429 parte,
1269 2368 1426 2429 quae
1453 2347 1721 2410 Narthcsc
1747 2345 2164 2427 appellabatur
2184 2375 2215 2419 ,κ
2237 2343 2345 2406 ubi

797 2443 981 2505 etiam
1006 2441 1429 2505 Catechumeni
1457 2439 1884 2514 morabantur;
1914 2447 2096 2521 atque
2122 2438 2190 2500 hi
2224 2458 2351 2500 om-

792 2558 899 2599 nes
920 2557 1193 2600 sermone
1227 2537 1436 2599 habito
1460 2583 1475 2611 ,
1506 2545 1677 2598 extra
1709 2534 2000 2616 templum
2033 2534 2344 2615 pelleban-

795 2638 934 2708 tur;
964 2639 1181 2711 quarta
1210 2631 1653 2693 Poenitentium
1681 2630 1882 2692 classis
1903 2675 1920 2703 ,
1950 2629 2173 2692 scilicet
2195 2628 2347 2690 Con-

792 2711 1069 2798 sistcntcs,
1103 2746 1227 2788 una
1252 2747 1388 2788 cum
1413 2725 1623 2788 ceteris
1646 2725 1985 2798 Fidelibus,
2013 2723 2229 2786 Missae
2258 2723 2348 2784 in-

789 2827 992 2899 tegrae
1009 2818 1257 2880 aderant
1282 2838 1470 2898 usque
1495 2819 1572 2879 ad
1595 2816 1779 2879 finem
1802 2839 1819 2891 ;
1844 2838 1966 2880 non
1994 2825 2192 2879 tamen
2216 2817 2341 2878 Eu-

788 2910 1108 2974 charistiae
1129 2912 1446 2991 participes
1471 2919 1663 2973 erant.
1714 2911 2012 2973 Diaconus
2050 2908 2343 2972 Catechu-

789 3005 984 3068 menis
1027 3005 1283 3086 aliisque
1319 3004 1628 3080 edicebat,
1671 3014 1740 3068 ut
1764 3005 2042 3078 abirent,
2072 3005 2235 3086 quod
2266 3022 2343 3066 ex

788 3098 1012 3163 Jacobo
1038 3099 1302 3163 Diacono
1326 3099 1630 3184 colligitur
1658 3099 1723 3163 in
1744 3100 1886 3163 Vita
1913 3098 1973 3162 S.
2015 3099 2295 3182 Pelagiae
2320 3143 2338 3173 ,

787 3194 896 3256 ubi
944 3195 1093 3257 haec
1134 3194 1474 3258 habentur:
1528 3195 1722 3257 Simul
1766 3206 1935 3276 atquc
1971 3195 2344 3276 proclamavit

789 3289 1075 3351 Diaconus
1097 3291 1173 3351 ad
1195 3288 1624 3352 Catechumcnos
1651 3339 1668 3363 ‚
1695 3288 2003 3362 Procedits,
2028 3292 2113 3351 vel
2141 3289 2344 3350 Absco-

791 3383 906 3444 dito
921 3432 938 3454 ‚
962 3404 1242 3464 nusquam
1259 3387 1369 3446 illa
1388 3386 1725 3467 comparuit.
1754 3383 1939 3446 Porro
1950 3396 2073 3466 post
2098 3385 2346 3447 Missam

790 3476 1074 3539 Fidenam
1099 3528 1114 3550 ,
1139 3490 1189 3540 ct
1210 3491 1497 3561 peractum
1528 3478 1889 3562 Sacrificium
1914 3529 1928 3550 ,
1954 3497 2091 3540 cum.
2113 3479 2347 3541 dimissa

782 3582 924 3632 -cssct
946 3571 1203 3633 Ecclesia
1228 3620 1245 3644 ‚
1281 3593 1364 3632 nto
1386 3583 1554 3634 extra
1585 3574 1778 3632 domus
1810 3572 1918 3634 Dei
1950 3573 2119 3633 liuzen
2144 3573 2347 3653 prodo-

793 3675 962 3736 unts‚
986 3685 1184 3726 rursus
1204 3666 1428 3727 advenit
1453 3663 1746 3727 Columba.
1774 3667 1851 3728 Et
1875 3664 2153 3746 quamvis
2182 3673 2349 3728 vetu-

794 3757 1081 3821 stioribus
1111 3757 1480 3839 temporibus
1501 3759 1769 3822 dimissio
1803 3759 2117 3842 Evangelii
2138 3759 2345 3822 lectio-

797 3871 939 3915 nem
950 3854 1346 3933 praecederet,
1377 3854 1662 3916 tamenin
1690 3853 1956 3917 Concilio
1978 3855 2346 3918 Arausicano

2460 1979 2710 2040 pravam
2737 1963 3078 2027 describens
3104 1967 3484 2048 disciplinam
3505 1968 3631 2029 ait:
3671 1966 3790 2041 Qui
3823 1969 4020 2029 adibat

2461 2055 2703 2118 Missam
2729 2057 2777 2119 C
2777 2062 3262 2122 atechumcnorum
3278 2111 3293 2133 ,
3314 2063 3749 2141 subtersuqiebat
3772 2062 3853 2124 M
3851 2066 4020 2125 issam

2461 2148 2976 2214 Sacratncntorum.
3005 2156 3287 2236 Apposite
3316 2157 3392 2218 ad
3417 2157 3575 2224 hanc
3609 2176 3737 2218 rem
3763 2156 3908 2219 facit
3948 2157 4011 2218 S.

2459 2243 2718 2308 Caesarii
2744 2248 3105 2310 Arelatensis
3133 2250 3401 2313 Homilia
3427 2256 3520 2313 11.
3548 2252 3656 2332 qui
3694 2271 3823 2312 rem
3862 2252 4013 2314 adeo

2457 2339 2745 2403 absonam
2770 2342 3132 2424 increpitans
3160 2345 3266 2419 ait,
3294 2366 3436 2408 suae
3448 2346 3667 2427 cuique
3689 2347 3850 2421 domi
3877 2346 4013 2409 lice-

2459 2453 2525 2496 re
2553 2434 2878 2514 Prophetas
2902 2482 2919 2510 ,
2946 2437 3365 2517 Apostolorum
3392 2439 3633 2520 scripta,
3663 2445 3725 2500 et
3745 2441 4014 2522 Evange-

2454 2526 2605 2588 lium
2628 2528 2846 2610 legere3
2874 2531 3100 2593 nemini
3122 2542 3344 2607 autem,
3376 2544 3796 2616 praeterquam
3824 2534 3888 2596 in
3907 2535 4010 2597 do-

2457 2640 2557 2683 mo
2584 2622 2691 2684 Dei
2716 2668 2733 2696 ,
2760 2625 2962 2687 adesse
2989 2626 3169 2689 licere
3190 2629 3616 2691 consecrationi
3648 2629 3928 2710 Corporis
3946 2637 4009 2692 et

2454 2716 2744 2799 Sanguini
2775 2720 2915 2780 Jesu
2937 2721 3190 2795 Christi;
3226 2743 3333 2784 nec
3361 2732 3431 2785 ut
3456 2725 3594 2804 quis
3615 2724 3831 2786 Missae
3855 2724 4012 2787 dica·

2456 2811 2847 2885 turadfuisse,
2877 2814 3020 2876 satis
3044 2834 3171 2876 esse
3189 2815 3239 2876 si
3268 2825 3533 2879 sanctam
3552 2818 3893 2879 Lectionem
3908 2837 4014 2879 au-

2453 2905 2634 2968 dierit
2653 2953 2670 2980 ,
2700 2908 2804 2968 sed
2829 2917 3103 2990 oportere
3128 2930 3266 2971 eum
3294 2911 3358 2972 in
3376 2912 3639 2975 Ecclesia
3660 2913 4001 2987 consistere,

2453 2999 2640 3062 donec
2673 3003 3060 3066 Dominicalis
3087 3004 3296 3067 Oratio
3335 3006 3492 3070 dicta
3517 3007 3634 3081 sit,
3665 3015 3728 3070 et
3759 3008 4008 3070 benedi-

2452 3095 2710 3158 ctionem
2724 3097 3007 3162 Sacerdos
3021 3099 3242 3181 populo
3265 3101 3640 3183 impertierit.
3668 3102 3729 3164 Si
3754 3102 3892 3184 quis
3908 3121 4006 3165 ve-

2453 3209 2523 3252 ro
2543 3202 2816 3270 quaerat,
2843 3214 2951 3255 cur
2979 3195 3160 3258 Missa
3180 3196 3757 3275 Catechumeuorum
3784 3198 4006 3259 dicere-

2455 3289 2553 3345 tur
2573 3305 2644 3347 ea
2667 3287 2881 3350 Missae
2908 3310 3046 3369 pars
3069 3291 3166 3352 cui
3196 3311 3317 3353 non
3339 3293 3538 3354 solum
3581 3292 4003 3355 Catechumeni

2453 3379 2743 3455 aderaut,
2772 3383 2874 3444 sed
2902 3384 3278 3447 Poenitentoe
3303 3387 3528 3459 etiam,
3558 3395 3617 3448 et
3644 3389 4008 3469 Energume-

2454 3472 2557 3547 ni,
2582 3476 2898 3555 respondet
2942 3478 3235 3559 Josephus
3277 3478 3618 3541 Vicecomes
3665 3467 3773 3541 lib.
3824 3486 3884 3541 5.·
3933 3479 4010 3541 de

2457 3567 2671 3630 Missae
2695 3570 2931 3632 Ritibus
2949 3590 3078 3651 cap.
3116 3577 3170 3633 1.
3209 3570 3332 3632 Cur
3351 3583 3539 3633 autem
3575 3571 4008 3634 Catechumcno-

2453 3682 2586 3725 rum
2605 3663 2820 3727 Missas
2839 3667 2901 3725 id
2920 3668 3160 3726 nominis
3182 3669 3520 3728 attributum
3540 3669 3614 3727 sit
3639 3716 3654 3739 ,
3678 3690 3806 3730 cum
3835 3671 4006 3730 ctiam

2456 3756 2824 3831 Pocnitentes‚
2838 3769 2890 3841 st
2914 3757 3311 3821 Catechumeni
3330 3762 3672 3831 interessent,-
3694 3782 3807 3822 non
3826 3765 4009 3824 aliam

2456 3852 2625 3929 fuisse
2644 3873 2699 3913 sc
2718 3873 2947 3915 causam
2965 3863 3106 3934 puto
3130 3901 3145 3924 ,
3175 3874 3347 3933 quam
3365 3857 3513 3935 quod
3532 3877 3722 3923 corum
3741 3877 4007 3929 numerus

799 3946 851 4009 1.
866 3947 979 4007 sub
994 3948 1249 4009 Leonel.
1282 3966 1413 4009 can.
1438 3953 1529 4009 18.
1550 3956 1692 4009 ιοιιι.
1713 3953 1767 4009 1.
1782 3948 2188 4011 Conciliorum
2200 3969 2343 4031 pag.
2456 3948 2641 4026 major
2660 3959 2815 4016 esset,-
2829 3958 2895 4008 ut
2915 3966 2954 4009 a
2972 3950 3265 4028 copiosiori
3280 3961 3444 4029 parts
3466 3952 3840 4013 denominatio
3859 3973 4009 4013 sum-

803 4040 1234 4103 1785.Collect.
1265 4042 1491 4103 Labbei
1508 4049 1795 4105 statutum
1808 4042 1944 4118 fuit,
1969 4052 2037 4106 ιιι
2071 4047 2349 4126 Evange-
2450 4052 2558 4121 pta
2575 4042 2683 4102 sit:
2713 4062 2852 4103 cum
2877 4059 3000 4123 quo
3029 4044 3322 4105 consentit
3339 4045 3613 4107 Marinus
3641 4046 3717 4109 de
3735 4046 3999 4109 Sacram.

799 4134 954 4199 lium
979 4144 1112 4217 post
1139 4137 1490 4218 Epistulam,
1526 4144 1586 4199 et
1618 4146 1757 4200 ante
1778 4138 2354 4201 Catechumenorum

801 4229 1209 4293 dimissionem
1229 4229 1547 4313 legeretur;
1563 4231 1725 4310 quod
1746 4231 2350 4294 confirmavitConci-

798 4321 951 4386 lium
982 4324 1374 4387 Valentinum
1401 4324 1464 4385 in
1508 4323 1802 4407 Hispania
1828 4346 1962 4388 can.
2016 4332 2068 4387 1.
2098 4334 2242 4388 tom.
2284 4328 2345 4387 2.

802 4417 1121 4481 Concilior.
1148 4438 1285 4500 pag.
1329 4423 1501 4480 1067.
1544 4418 1619 4479 Ut
1649 4430 2001 4481 sacrosancta
2033 4417 2355 4499 Evanqclia

802 4522 934 4574 ants
954 4533 1249 4573 muncrum
1270 4515 1583 4575 illationem
1601 4516 1666 4574 in
1697 4513 1885 4576 Missa
1920 4512 2356 4576 Catechumcno-

801 4625 935 4667 rum
963 4609 1027 4666 in
1045 4608 1239 4668 ordine
1263 4609 1558 4668 lectionum
1574 4618 1696 4688 post
1717 4607 2047 4689 Apostolum
2070 4611 2352 4687 lcqantur‚

806 4712 1081 4780 quatenus
1100 4704 1384 4763 salutaria
1419 4713 1714 4783 praccepta
1756 4701 1990 4761 Domini
2008 4706 2190 4764 nostri
2219 4704 2361 4765 Jssu

809 4792 1049 4865 Christi,
1072 4796 1156 4855 vsl
1174 4815 1441 4856 sermones
1463 4793 1780 4856 Sacerdotis
1800 4796 2356 4869 nonsolumFidelcs,

804 4890 899 4952 scd
919 4891 1089 4950 ctiam
1131 4888 1556 4961 Catechumeni,
1582 4900 1632 4951 ct
1668 4888 2043 4960 Paenitentcs,
2078 4902 2130 4950 et
2150 4909 2357 4962 omncs,

806 4987 911 5067 qui
928 5004 1003 5046 cx
1022 4984 1234 5045 diverso
1254 4994 1386 5044 sunt
1414 5032 1431 5056 ,
1452 4985 1652 5045 audire
1676 4985 1893 5044 licitum
1913 4984 2172 5044 habeam.
2208 4984 2360 5045 Eru-

807 5080 917 5143 diti
939 5080 1061 5141 duo
1083 5078 1199 5141 viri
1235 5086 1625 5158 veterumque
1644 5076 1941 5139 Ecclesiae
1970 5078 2218 5139 Rituum
2251 5099 2356 5158 pe-

804 5174 1073 5238 ritissimi
1098 5172 1531 5254 Albaspinaeus
1552 5169 1660 5230 lib.
1688 5175 1740 5231 1.
1757 5171 1831 5232 de
1851 5170 2038 5232 veteri
2061 5170 2358 5234 Ecclesiae

808 5270 1026 5333 Politia
1075 5269 1140 5332 in
1207 5264 1726 5332 administratione
1772 5265 2220 5338 Eucharistiae,
2247 5290 2252 5295 ·
2297 5272 2360 5327 et

811 5361 1150 5445 Bocquillot
1174 5361 1284 5425 lib.
1342 5366 1396 5423 1.
1450 5366 1619 5421 tract.
1652 5357 1919 5419 historici
1964 5359 2040 5419 de
2084 5358 2358 5440 Liturgia

808 5480 941 5542 cap.
989 5465 1044 5522 1.
1090 5477 1129 5521 e
1166 5455 1470 5519 veteribus
1514 5450 1918 5523 monumentis
1970 5451 2359 5514 totam'banc

2459 4135 2765 4197 Poeniten.
2796 4136 2904 4198 lib.
2939 4141 2997 4197 6.
3024 4156 3153 4217 cap.
3187 4143 3280 4199 10.
3305 4156 3367 4199 ιι.
3400 4144 3459 4200 2.

2580 4232 2676 4291 11.
2701 4231 2898 4311 Atque
2924 4228 3107 4306 haec,
3139 4251 3297 4313 quae
3316 4233 3394 4295 ad
3415 4234 3729 4314 antiquam
3748 4233 4008 4314 discipli

2460 4338 2603 4384 nam
2653 4322 2992 4402 pertinent,
3040 4325 3305 4388 breviter
3348 4327 3642 4410 attingere
3680 4328 3999 4390 voluimus.
4045 4295 4343 4398 gfflgmss

2459 4415 2632 4477 Nunc
2658 4436 2801 4479 vero
2822 4417 2943 4479 de
2927 4417 3022 4491 iis,
3047 4437 3202 4499 quac
3223 4418 3507 4482 Sacerdos
3527 4419 3708 4482 facit’
3691 4440 3754 4482 ιιι
3784 4421 4007 4484 lectio·
4044 4409 4218 4455 ¹“¹·⁰“·
4276 4415 4344 4458 Β·

2461 4526 2540 4572 ne
2567 4511 2919 4595 Evangelii,
2943 4513 3263 4574 dicendum
3282 4522 3389 4575 est.
3417 4514 3588 4576 Dicto
3615 4515 3889 4581 Dominus
3911 4537 4008 4578 vo-
4047 4469 4238 4527 ψ

2439 4606 2693 4677 hiscum,
2724 4607 3041 4687 respondet
3061 4607 3356 4681 Minister,
3383 4608 3614 4671 Etcum
3636 4610 3867 4691 Spiritu
3889 4623 4009 4683 tuo.-

2466 4707 2596 4761 tum
2621 4700 2900 4763 dexterae
2926 4720 3140 4762 manus
3172 4701 3387 4781 pollice
3407 4702 3606 4785 signat
3629 4705 3878 4767 Crucem
3908 4728 4013 4770 su-

2466 4814 2572 4875 per
2595 4794 2753 4856 libro
2781 4795 2844 4856 in
2868 4793 3165 4876 principio
3185 4796 3535 4878 Evangelii,
3562 4798 3777 4867 deinde
3815 4800 4015 4884 signat

2466 4888 2582 4950 sibi
2629 4888 2921 4962 frontem,
2951 4908 3051 4963 οε,
3083 4897 3142 4951 et
3185 4900 3388 4970 pectus
3425 4891 3628 4953 dicens
3655 4892 4008 4973 Sequentia„

2466 5002 2571 5044 seu
2596 4982 2837 5042 Initium
2858 4981 2926 5043 S.
2954 4983 3279 5062 Evanqclii,
3298 5004 3367 5046 ac
3389 4985 3670 5048 manibus
3687 4989 3912 5068 junctis
3933 4989 4013 5052 le-

2465 5076 2554 5158 git
2572 5076 2967 5157 Evangelium
2984 5123 3001 5150 ,
3026 5079 3196 5159 cujus
3215 5077 3467 5141 lectione
3488 5090 3747 5161 peracta,
3772 5102 4014 5164 respon-

2463 5170 2563 5232 det
2584 5170 2879 5243 Minister,
2897 5169 3050 5232 Laus
3074 5174 3177 5232 tibi
3199 5170 3248 5234 C
3249 5175 3443 5234 kriste:
3466 5183 3526 5235 et
3546 5174 3829 5239 Sacerdos
3848 5197 4013 5242 oscu-

2467 5263 2628 5326 latur
2670 5264 3034 5345 principium
3055 5266 3364 5348 Evangelii
3395 5268 3690 5333 submissa
3732 5292 3876 5335 voce
3925 5274 4014 5336 di-

2453 5380 2454 5383 *
2467 5378 2626 5420 cens:
2641 5356 2756 5419 Per
2764 5358 2826 5419 E
2829 5362 3111 5439 tanyclica
3124 5362 3274 5423 dicta
3284 5363 3575 5424 'deleantur
3583 5376 3774 5427 nostra
3786 5367 4014 5439 delicta:

2467 5451 2631 5534 quod
2663 5459 2861 5514 tamen
2881 5471 3004 5515 non
3021 5444 3163 5517 facit
3182 5453 3247 5517 in
3273 5454 3470 5518 Missis
3489 5456 3893 5535 Mortuorum,
3915 5481 4016 5525 ne-
