4487 6316
1020 534 1122 586 1³6

835 674 916 734 sis
940 674 1265 736 solemnem
1310 673 1615 735 Pontificis
1641 673 1917 746 Missam,
1972 673 2035 732 in
2087 689 2209 750 qua
2254 671 2376 731 Im·

834 777 1074 848 perator
1120 767 1348 848 aliique
1400 766 1705 847 Principes
1746 765 1860 826 sub
1902 764 2117 845 specie·
2144 771 2379 825 tantum

843 860 1022 922 Panis
1043 907 1060 934 ,
1090 860 1390 923 Diaconus
1420 878 1563 921 vero
1588 868 1649 921 et
1675 859 2088 921 subdiaconus
2107 903 2125 930 ,
2167 875 2381 937 quem-

832 954 1158 1016 admodum
1220 953 1553 1015 etiamnum
1623 952 1988 1014 consuetudo
2055 959 2185 1024 est,
2264 951 2379 1011 sub

830 1059 1090 1128 utraque
1118 1047 1310 1127 specie
1332 1046 1776 1109 Eucharistiam
1828 1053 2215 1125 susceperunt
2245 1092 2261 1115 ,
2310 1051 2380 1105 ut

830 1143 993 1223 apud
1036 1141 1415 1224 Raynaldum
1445 1142 1522 1204 ad
1565 1141 1747 1203 eund.
1775 1160 1921 1202 ann.
1957 1140 2201 1201 Praeter
2236 1138 2377 1200 Dia-

831 1257 1049 1298 conum
1090 1244 1151 1297 et
1176 1236 1625 1298 Subdiaconum
1649 1280 1665 1309 ,
1713 1235 1825 1315 qui
1853 1234 1918 1296 in
1952 1233 2203 1295 solemni
2231 1233 2378 1295 Mis-

830 1352 897 1394 sa
953 1330 1258 1393 Pontificis
1311 1332 1425 1392 sub
1482 1339 1742 1412 utraque
1795 1330 1988 1410 specie
2038 1327 2375 1391 communi-

829 1434 1010 1500 cant,
1060 1425 1243 1486 etiam
1286 1425 1657 1487 Francorum
1702 1429 1890 1508 Reges
1930 1444 2007 1487 ex
2055 1422 2375 1504 privilegio

825 1522 891 1582 in
922 1521 1020 1583 die
1050 1539 1195 1582 suae
1226 1519 1672 1595 Coronationis,
1722 1531 1782 1583 et
1823 1520 1888 1582 in
1926 1519 2183 1582 articulo
2213 1536 2375 1578 mor-

826 1616 903 1678 tis
954 1616 1407 1677 Sacramentum
1449 1613 1655 1677 itidem
1699 1617 1814 1677 sub
1873 1622 2133 1694 utraque
2178 1610 2374 1692 specie

826 1709 1195 1791 percipiunt,
1225 1717 1371 1771 teste
1391 1709 1713 1790 Spondano
1732 1709 1810 1771 ad
1841 1728 1984 1770 ann.
2018 1707 2159 1768 Chr.
2192 1709 2366 1767 1352.

825 1824 995 1867 num.
1066 1808 1159 1864 16.
1212 1803 1467 1882 Denique
1521 1804 1669 1864 idem
1722 1803 1997 1881 Pontifex
2055 1800 2374 1876 (Clemens

824 1898 932 1960 Vl.
960 1898 976 1979 )
1005 1899 1328 1979 ponderatis
1354 1900 1669 1977 inqentibus
1701 1896 1952 1959 Coronae
1984 1896 2259 1958 franciae
2307 1898 2372 1955 in

826 1990 1025 2052 Sedem
1050 1991 1428 2072 Apostolicam
1454 1993 1669 2052 meritis
1685 2040 1700 2062 ,
1734 1989 2234 2053 Christianissimis
2258 1990 2371 2050 Re-

824 2087 983 2165 qibus
1007 2095 1332 2167 potestatem
1381 2086 1512 2163 fecit
1542 2086 1646 2145 sub
1678 2098 1919 2164 utraque
1965 2087 2139 2165 specie
2185 2105 2371 2163 quan-

823 2181 1124 2259 documque
1150 2181 1214 2239 id
1260 2187 1517 2260 optarent
1542 2228 1557 2251 ,
1595 2182 2044 2241 communicandi
2064 2199 2084 2240 .·
2113 2189 2227 2259 qua
2280 2190 2370 2239 ta-

821 2293 946 2334 men
973 2283 1238 2354 potestate
1280 2293 1417 2335 raro
1453 2277 1567 2355 ipsi
1610 2273 1726 2335 nbi
1763 2278 1828 2335 in
1856 2277 1944 2335 die
1970 2276 2371 2353 inauquratio-

820 2372 912 2428 nis
940 2388 1101 2439 suae,
1132 2369 1265 2428 etin
1294 2371 1497 2430 viatico
1518 2372 1713 2429 mortis
1731 2381 1979 2430 utuntur
2000 2412 2015 2429 .
2055 2369 2182 2430 Sub
2210 2377 2374 2430 utra·

823 2481 943 2543 que
968 2461 1176 2522 itidem
1202 2462 1397 2542 specie
1419 2463 1863 2524 communicant
1881 2483 1955 2524 ex
1984 2461 2225 2542 speciali
2252 2461 2373 2542 pri·-

820 2555 1043 2637 vilegio
1079 2554 1378 2617 Ecclesiae
1423 2555 1484 2615 S.
1540 2556 1795 2618 Dionisii
1838 2576 2024 2637 prope
2069 2556 2370 2617 Lutetiam

822 2650 1122 2710 Diaconos
1152 2657 1216 2710 et
1247 2643 1663 2711 subdiaconus
1690 2649 1752 2710 in
1801 2649 2129 2712 Dominicis
2159 2649 2372 2710 Foetis-

820 2761 942 2823 que
992 2743 1401 2817 solemnibus,
1449 2752 1510 2805 et
1553 2744 1818 2806 Ministri
1873 2743 2098 2825 pariter
2143 2743 2371 2806 Altaris

821 2835 1228 2897 Cluniacensis
1268 2836 1566 2898 Ecclesiae
1614 2836 1676 2896 in
1723 2836 2005 2898 omnibus
2061 2836 2251 2899 Festis
2296 2836 2373 2898 de
2406 2841 2411 2846 ’

823 2936 1160 3009 praecepto,
1195 2937 1265 2991 ut
1310 2929 1512 2991 videre
1544 2938 1632 2991 est
1663 2932 1824 3011 apud
1853 2929 2278 2992 Mabillonium
2307 2930 2370 2991 in

824 3022 1225 3085 Commentar.
1262 3024 1339 3084 a'd
1380 3023 1671 3085 Ordinem
1713 3026 2052 3086 Romanum
2080 3043 2249 3084 num.
2310 3028 2366 3083 9.

826 3115 918 3179 tit.
971 3116 1216 3194 Quando
1245 3128 1295 3179 et
1329 3120 1600 3198 quomodo
1629 3120 1851 3181 desierit
1889 3117 2222 3181 Communia
2270 3121 2373 3180 sub

823 3224 1065 3292 utraque
1114 3215 1285 3294 specie
1336 3215 1400 3274 in
1444 3213 1720 3275 Ecclesia
1760 3214 2020 3277 Romana
2039 3234 2060 3274 .·
2107 3222 2169 3275 et
2210 3215 2371 3294 apud

828 3305 1066 3369 Moleon
1113 3307 1177 3368 in
1223 3306 1419 3388 Opere
1447 3307 1675 3370 Gallice
1718 3307 1940 3388 scripto
1967 3308 2066 3369 cui
2106 3308 2318 3369 titulus
2348 3353 2365 3383 ,

819 3401 937 3461 Iter
960 3400 1317 3479 Liturqicum
1332 3422 1437 3482 per
1461 3400 1687 3465 Gallias
1704 3450 1720 3473 ,
1756 3402 2002 3463 Parisiis
2018 3402 2182 3463 edito
2218 3422 2362 3464 ann.

827 3499 1001 3555 1718.
1036 3515 1172 3575 pag.
1205 3499 1343 3556 263.
1386 3496 1697 3557 'Diaconus
1742 3515 1887 3557 vero
1933 3506 1996 3557 et
2040 3496 2368 3559 Subdiaco-

827 3608 945 3649 nus
996 3590 1219 3649 Romae
1249 3588 1311 3648 in
1360 3589 1630 3650 Basilicis
1659 3589 1725 3649 in
1768 3574 1949 3651 Missa
1990 3589 2371 3652 Conventus-

831 3681 910 3755 li,
956 3701 1112 3762 quae
1141 3689 1416 3744 cantatur
1439 3683 1503 3743 in
1536 3683 1724 3745 Festis
1746 3684 1822 3746 de
1846 3693 2194 3764 praecepto,
2245 3685 2371 3745 Eu-

823 3776 1169 3839 charistiam
1223 3777 1469 3857 quidem
1510 3785 1800 3852 sumunt,
1856 3778 1961 3839 sed
2010 3778 2126 3840 snb
2176 3778 2371 3859 speeie

824 3878 1059 3935 tantum
1093 3871 1265 3951 panis
1289 3914 1305 3931 .

1284 4058 1556 4121 ‘CAPUT
1607 4059 1842 4122 xxm.

822 4245 907 4307 De
941 4244 1310 4309 Orationibus
1335 4266 1478 4326 quae
1481 4248 1792 4401 Rs'ubmissa
1839 4265 1961 4309 ooee
1986 4248 2262 4308 dicuntur
2303 4250 2367 4308 in

1558 4360 1701 4401 essa.

492 4552 738 4610 utqui-mr
826 4530 881 4586 1.
944 4467 1416 4589 Orationumin
1443 4525 1659 4588 Missae
1678 4525 2163 4605 quaedamelata‚
2185 4547 2366 4608 quae·

492 4609 547 4651 «le
583 4608 683 4649 nitu
714 4604 782 4648 di-

521 4665 744 4708 and-rm

491 4720 751 4823 ffssffl‘iffi
826 4731 997 4786 voce,
1024 4732 1254 4792 quaeve
1282 4732 1491 4774 rursus
1538 4714 1833 4776 submissa
1877 4714 2162 4777 dicendae
2205 4715 2360 4791 sint,

493 4837 689 4881 Νικὼ..
709 4848 781 4877 ,0-
822 4805 1263 4868 accuratissime
1296 4806 1467 4868 docet
1504 4806 1769 4868 Rubrica
1793 4805 2052 4868 Missalis
2076 4850 2091 4867 .
2144 4808 2365 4870 Suarez

490 4909 553 4938 “-

822 4618 960 4680 dam
989 4620 1283 4681 submissa
1309 4638 1452 4681 voce
1497 4620 1856 4681 recitantur.
1897 4619 2211 4693 Quaenam
2240 4621 2364 4685 alta

823 4899 887 4959 in
923 4905 980 4960 3.
1010 4906 1164 4979 part.
1216 4907 1358 4959 tom.
1400 4905 1456 4960 3.
1487 4899 1709 4979 disput.
1743 4906 1841 4961 83.
1877 4907 1992 4961 art.
2029 4904 2088 4962 4.
2125 4910 2356 4981 quaest.

822 4997 919 5053 83.
945 4997 1083 5053 sect.
1121 4995 1174 5052 1.
1226 4991 1341 5065 ait,
1374 4986 1612 5053 nullum
1644 4992 1707 5052 in
1737 5012 1904 5054 sacra
1948 4992 2256 5073 Scriptura
2282 4994 2365 5055 lo-

819 5106 959 5148 cum
1004 5085 1291 5166 reperiri,
1348 5105 1470 5166 quo
1495 5086 1819 5167 jubeamur
1863 5086 1929 5147 in
1976 5086 2157 5149 Missa
2178 5107 2361 5168 quas-

814 5181 957 5242 dam
986 5178 1144 5242 elata
1166 5226 1183 5253 ,
1215 5180 1504 5260 quasdam
1540 5199 1683 5240 vero
1704 5180 2000 5242 submissa
2029 5202 2174 5244 voce
2207 5183 2362 5244 Ora-

821 5274 1013 5336 tiones
1041 5272 1323 5346 recitare;
1354 5272 1415 5334 id
1445 5271 1689 5352 quidem
1715 5272 1778 5333 in
1807 5292 1872 5335 se
1895 5270 2170 5342 ἁδιάφορον
2197 5294 2326 5337 esse
2349 5296 2367 5349 3

816 5367 1144 5430 Ecclesiam
1172 5375 1372 5429 tamen
1401 5364 1689 5448 gravibus
1704 5366 2004 5447 justisque
2031 5367 2229 5433 causis
2255 5368 2364 5431 ad-

822 5461 1063 5523 ductam
1095 5459 1354 5522 voluisse
1376 5505 1393 5533 ,
1428 5467 1495 5522 ut
1522 5458 1821 5540 quaedam
1847 5458 2163 5523 Orationes
2200 5460 2363 5525 elata

1811 531 1897 581 DE
1935 526 2417 581 saeuosamc'ro
2457 525 2680 579 msss
2707 523 3084 582 stentftcto

2485 691 2631 732 voce
2649 668 2974 734 recitentur
2989 716 3007 744 ,
3031 668 3328 751 quaedam
3351 669 3670 739 submissa,
3704 677 3863 751 quae
3885 668 4024 733 vul-

2486 788 2562 850 go
2586 764 2968 847 appellantur
2987 767 3277 827 Secretae.
3307 764 3668 845 Hujusmodi
3689 765 3896 827 Ritum
3918 765 4034 828 hac

2484 863 2676 926 aetate
2698 861 2976 925 nonnulli
3020 860 3204 922 etiam
3225 881 3260 921 e
3291 860 3511 922 nestris
3551 869 4024 940 oppugnarunt.

2484 958 2606 1018 Nos
2646 955 3087 1019 controversiae
3125 953 3448 1035 praecipua
3489 954 3686 1033 capita
3739 953 4034 1016 indicabi-

2486 1070 2621 1112 mus
2644 1096 2661 1123 ‚
2715 1069 3052 1129 sanamque
3087 1048 3426 1110 doctrinam
3461 1047 3832 1127 optimorum
3867 1047 4027 1108 Scri-

2488 1153 2726 1226 ptorum
2768 1145 3122 1208 auctoritate
3170 1142 3389 1204 muniti
3425 1160 3809 1223 propugnare
3846 1162 4028 1206 cona-

2488 1239 2691 1300 bimur
2713 1283 2728 1300 .
3082 1262 3092 1271 ·

2603 1339 2661 1395 2.
2698 1333 3025 1408 Quaeritur
3065 1330 3264 1412 primo
3313 1328 3694 1411 Etymologia
3724 1329 3888 1391 vocis
3919 1330 4028 1391 Se—

2484 1440 2637 1490 creta
2657 1472 2673 1489 .
2726 1430 3045 1489 Bossuetus
3073 1425 3136 1487 in
3159 1424 3559 1506 explicatione
3581 1424 3798 1488 Missae
3831 1425 4032 1489 innuit

2485 1542 2690 1584 vocem
2735 1522 2893 1585 hanc
2919 1521 3215 1600 originem
3269 1520 3486 1581 ducere
3515 1537 3552 1580 a
3577 1535 3795 1579 secerno
3814 1564 3830 1588 ‚
3863 1519 4030 1598 quod

2484 1625 2573 1678 est
2593 1629 2834 1697 separo;
2864 1616 3181 1678 Orationes
3209 1615 3374 1675 enim
3391 1662 3406 1684 ,
3440 1629 3597 1692 quae
3628 1621 3889 1675 secretae
3931 1613 4026 1676 di-

2481 1721 2736 1784 cuntur,
2770 1719 2902 1773 tum
2931 1710 3370 1780 recitabantur,
3405 1727 3542 1769 cum
3565 1706 3941 1769 poenitentes
3965 1716 4029 1771 et

2479 1805 2901 1869 Catecbumeni
2940 1804 3204 1870 Ecclesia
3236 1802 3409 1884 pulsi·
3433 1810 3628 1863 essent
3649 1847 3666 1874 ,
3717 1801 3811 1863 vel
3864 1811 4027 1890 post-

2480 1917 2662 1982 quam
2683 1908 2992 1981 separatae
3015 1898 3267 1960 fuissent
3283 1895 3636 1959 oblationes.
3673 1895 3898 1966 Vertus
3918 1895 4025 1958 Se-

2478 2006 2779 2057 cretarum
2804 1993 3240 2055 infensissimus
3265 1989 3485 2062 hostis,
3518 1988 3748 2069 quique
3772 2033 3790 2062 ,
3825 1987 3877 2049 si
3910 1988 4026 2069 ipsi

2479 2097 2736 2172 potestas
2765 2088 2973 2149 fuisset
2994 2133 3010 2160 ,
3070 2095 3262 2148 totum
3304 2085 3610 2146 Canonem
3650 2083 3925 2165 jussisset
3964 2090 4027 2145 et

2479 2185 2608 2265 ipsa
2646 2181 3121 2245 consecrationis
3152 2181 3340 2242 verba
3381 2177 3505 2240 alta
3549 2194 3693 2238 voce
3740 2176 4019 2251 recitari,

2479 2277 2788 2360 praecipiti
2818 2297 2941 2357 quo
2978 2284 3068 2338 est
3101 2263 3330 2357 judicio
3362 2280 3424 2334 et
3469 2270 3721 2340 audacia
3747 2269 4019 2334 affirma·

2478 2372 2586 2445 vit,
2619 2371 2781 2451 quod
2806 2372 3124 2432 Bossuetus
3149 2367 3548 2430 subdubitans
3572 2372 3634 2427 et
3657 2363 4024 2428 haesitanter

2481 2472 2905 2547 proposuerat.
3876 2491 3881 2500 ι

2596 2566 2653 2621 3.
2681 2559 2946 2621 Monitus
2967 2559 3238 2619 Martene
3261 2576 3298 2618 a
3322 2553 3699 2627 Mabillonio,
3746 2554 3877 2637 ejus
3909 2573 4020 2618 au.-

2478 2653 2682 2717 daciae
2716 2661 2786 2714 ut
2805 2673 2930 2714 sese
2952 2660 3280 2732 opponeret
3301 2696 3318 2723 ,
3354 2648 3700 2730 praesertim
3730 2668 3869 2709 cum
3896 2667 4019 2709 non

2478 2767 2550 2811 ea
2581 2756 2733 2810 esset
2775 2749 3029 2819 Vertus,
3081 2764 3204 2826 qua
3243 2743 3656 2806 arbitrabatur
3701 2742 3974 2804 doctrina
3999 2787 4019 2817 ,

2479 2861 2686 2903 veram
2740 2840 3002 2920 arripnit
3053 2837 3411 2900 sententiam
3474 2836 3974 2918 propugnandam
3999 2881 4018 2910 ,

2480 2933 2795 2997 Orationes
2825 2934 3090 2995 Secretas
3117 2931 3339 2994 idcirco
3364 2929 3696 3010 appellari,
3733 2930 3879 3009 quia
3926 2949 4021 2991 se-

2478 3036 2640 3090 creto
2660 3029 2989 3090 recitentur
3015 3049 3031 3101 ;
3066 3029 3315 3109 ejusque
3345 3025 3528 3086 verba
3556 3031 3697 3085 sunt
3729 3024 3876 3085 haec
3906 3023 4014 3086 lib.

2486 3126 2539 3184 1.
2572 3124 2646 3186 de
2674 3122 2942 3204 antiquis
2969 3122 3266 3186 Ecclesiae
3291 3120 3528 3185 Ritibus
3552 3139 3683 3200 cap.
3719 3123 3779 3181 t.
3805 3127 3921 3181 art.
3954 3125 4015 3180 7.

2478 3238 2646 3281 num.
2694 3225 2752 3279 5.
2789 3218 2993 3279 Postea
3024 3218 3293 3301 Sacerdos
3327 3213 3656 3285 Orationes,
3699 3234 3797 3275 seu
3833 3211 4019 3275 Colle-

2480 3322 2635 3382 ctas,
2666 3311 2920 3374 Secretas
2953 3312 3131 3373 dictas
3160 3357 3177 3382 ,
3210 3330 3270 3370 eo
3301 3308 3448 3386 quod
3490 3318 3691 3368 secreto
3719 3318 3772 3388 et
3796 3309 3898 3367 cub
3938 3310 4020 3367 si·

2482 3405 2651 3465 lentio
2684 3406 2987 3475 dicuntur,
3028 3407 3267 3466 recitat.
3304 3401 3438 3463 Seio
3458 3449 3472 3470 ,
3499 3402 3805 3461 nonnullos
3831 3421 4020 3462 sacro·

2478 3518 2609 3559 rum
2638 3499 2882 3561 Rituum
2929 3500 3200 3560 studiosos
3232 3497 3484 3559 Secretas
3522 3515 3560 3556 a
3587 3497 3762 3556 'verbo
3803 3516 4019 3556 secerno

2480 3596 2818 3673 appellatas,
2849 3594 3008 3663 velte,
3038 3613 3096 3652 eo
3125 3593 3273 3671 quod
3300 3610 3464 3672 super
3495 3592 3791 3650 'nuteriam
3817 3610 3892 3650 ex
3918 3588 4019 3653 Fi·

2476 3687 2687 3748 delium
2724 3678 3096 3747 oblationibus
3135 3695 3454 3765 separatam
3479 3694 3528 3743 et
3562 3694 3825 3743 secretam
3874 3685 4017 3743 reci-

2482 3791 2709 3842 tantur.
2763 3779 2877 3841 Sed
2922 3782 2983 3840 hi
3015 3781 3342 3857 conjecturis
3373 3779 3490 3838 suis
3531 3778 3660 3857 plus
3707 3796 3883 3855 aequo
3927 3779 4017 3837 in·

2478 3875 2784 3953 dulqentes,
2815 3876 3231 3934 nulloveterum
3253 3874 3560 3933 testimonio
3586 3873 3876 3942 nituntur,
3908 3872 4016 3937 eis-

2477 3988 2582 4047 que
2627 3967 2955 4044 resraqatur
3010 3968 3281 4044 antiquus
3334 3966 3472 4024 liber
3523 3963 4021 4024 Sacramentorum

2476 4062 2891 4140 manuscriptus
2918 4061 3202 4135 Ecclesiae
3236 4058 3601 4127 Turonensis,
3630 4059 3694 4116 in
3720 4078 3830 4134 quo
3862 4054 4016 4118 Ora-

2477 4156 2648 4214 tiones
2667 4154 2985 4233 praedictae
3013 4173 3126 4213 non
3170 4163 3436 4224 secretae,
3479 4150 3571 4210 sed
3596 4169 3839 4210 arcanae
3862 4168 4013 4208 nun-

2474 4258 2758 4328 cupantur
2782 4268 2798 4319 ;
2825 4249 2925 4309 ,cui
2950 4248 3188 4326 adjicere
3209 4264 3498 4333 possumus
3543 4263 3726 4304 ornnes
3755 4245 4016 4320 antiquos

2461 4361 2761 4406 ‚sacrorum
2773 4341 3014 4402 Rituum
3032 4341 3400 4420 Eoepositorcs
3428 4386 3442 4409 ,
3471 4339 3573 4417 qui
3601 4336 3855 4399 Secretas
3877 4357 3915 4397 a
3941 4356 4021 4397 se-

2474 4445 2621 4495 creto
2653 4443 2704 4493 et
2734 4435 2959 4495 silentio
3013 4434 3267 4500 derit-ant
3294 4476 3310 4492 .
3368 4430 3710 4492 Amalarius
3754 4430 4020 4510 Scriptor

2475 4529 2587 4589 lx.
2621 4527 2840 4588 saeculi
2877 4527 2939 4587 in
2968 4526 3162 4607 Opere
3189 4528 3252 4587 de
3281 4526 3658 4587 Ecclesiastic.
3698 4522 3865 4605 Offic.
3900 4524 4011 4585 lib.

2476 4624 2535 4682 3.
2560 4638 2696 4700 cap.
2722 4624 2821 4679 20.
2847 4619 2922 4680 de
2947 4619 3199 4681 Secretis
3225 4618 3475 4699 loquens
3503 4617 3621 4678 ait:
3649 4615 3877 4677 Secreta
3894 4618 4015 4677 ideo

2472 4714 2834 4786 nominatur,
2865 4715 3004 4792 quia
3041 4723 3242 4774 secreto
3283 4714 3516 4773 dicitur.
3549 4711 3849 4773 Consonat
3898 4711 4011 4771 Re-

2475 4804 2694 4886 migius
2743 4806 2824 4866 X.
2869 4805 3088 4866 saeculi
3135 4805 3420 4885 scriptor,
3469 4812 3531 4865 et
3572 4803 3730 4864 idem
3777 4802 4014 4882 scripsit

2475 4898 2811 4960 Ildebertus
2828 4899 3065 4961 saeculo
3095 4899 3237 4959 XII.
3264 4898 3327 4958 in
3356 4895 3744 4977 Expositione
3770 4894 4008 4957 Missae.

2472 4992 2850 5072 Quapropter
2885 4992 3229 5075 Longueval
3257 4992 3497 5053 Histor.
3544 4990 3842 5053 Ecclesiae
3870 4990 4016 5052 Gal-

2475 5084 2874 5147 licanaetom.
2905 5092 2962 5147 5.
2995 5106 3129 5166 pag.
3179 5091 3313 5146 387.
3341 5092 3485 5146 tom.
3525 5090 3583 5144 6.
3613 5104 3749 5165 pag.
3788 5089 3928 5145 471.
3954 5091 4017 5145 et

2473 5186 2618 5241 tom.
2646 5185 2705 5239 8.
2735 5199 2869 5261 pag.
2897 5184 3034 5241 534.
3066 5196 3167 5241 eos
3201 5179 3490 5258 increpat,
3514 5178 3622 5259 qui
3652 5178 3878 5240 vellent
3903 5178 4008 5239 Sc-

2472 5281 2665 5336 cretas
2684 5272 2807 5336 alta
2837 5294 2978 5337 voce
2999 5273 3236 5336 recitari
3262 5317 3278 5333 .

2591 5371 2649 5429 b.
2680 5369 2760 5429 Et
2783 5368 3072 5449 quoniam
3105 5377 3315 5431 *vetera
3354 5366 3769 5448 praescribunt
3799 5385 4013 5428 monu-

4070 1302 4238 1341 ἕκασθ’·
4289 1315 4370 1361 ap-

4067 1357 4277 1414 pellant-nt·
4296 1391 4310 1411 ,

4069 1430 4168 1512 uuna
4201 1427 4368 1460 scaete

4103 1481 4286 1516 muniar·

4061 2549 4223 2595 Vertu-
4252 2567 4362 2596 eoa·

4064 2606 4243 2653 intutus.

4082 5378 4303 5424 Salumias·

4053 5451 4153 5481 voe·
4171 5452 4260 5481 nou
4302 5454 4359 5479 sn·

2474 5469 2711 5536 menta,
2762 5471 2831 5526 ut
2859 5465 3134 5526 submissa
3173 5483 3294 5524 voce
3340 5460 3546 5525 Canon
3578 5460 3895 5533 recitetur,
3952 5468 4012 5522 et
4050 5493 4216 5551 „mm
4269 5510 4363 5537 „m
