4487 6316
1000 542 1103 593 3⁸0

821 682 1015 764 gulari
1068 678 1427 762 perficienda
1453 723 1471 751 ,
1535 674 1931 759 Apostolicam
1962 674 2069 736 tibi
2105 670 2359 733 Benedi-

819 778 1073 839 ctionem
1105 782 1483 856 peramanter
1510 771 1913 853 impertimur.

935 873 1153 932 natum
1178 872 1402 931 Romae
1419 867 1579 948 apud
1599 867 1876 927 Sanctam
1899 862 2155 925 Mariam
2176 860 2362 940 Majo-

820 985 943 1025 rem
978 970 1070 1025 11.
1098 962 1374 1044 Octobris
1403 959 1799 1022 MDCCLvn.
1836 953 2224 1018 pontificatus
2250 972 2360 1014 no-

818 1060 925 1122 stri
949 1060 1126 1121 Anno
1151 1055 1396 1120 Decimo
1420 1063 1649 1117 octavo.

1255 1257 1554 1320 PAULUS
1583 1256 1784 1318 PAPA
1814 1218 1924 1316 nt.

1308 1476 1670 1523 VENERABILI
1701 1472 1922 1519 rRA‘nu

976 1659 1255 1731 JOANNI
1280 1657 1653 1726 EPISCOPO
1674 1649 2202 1745 RAMPILONEN.

883 1864 1229 1928 Venerabilis
1254 1865 1459 1927 Frater
1475 1911 1494 1936 ,
1525 1861 1784 1923 Salutem
1801 1908 1819 1932 ,
1848 1870 1900 1920 et
1925 1858 2307 1939 Apostolicam

1368 1952 1836 2020 Benedictionem.

829 2136 1166 2261 Cupientes
1190 2175 1486 2238 commodi.
1518 2175 1653 2244 mes,
1683 2174 1784 2251 qm·
1801 2171 2033 2231 daversi.
2051 2167 2362 2248 infirma-

799 2278 970 2335 tibus
1003 2274 1282 2353 podaqrae
1309 2270 1584 2337 detentus,
1618 2267 1819 2345 quibus
1853 2265 1964 2342 sere
1991 2261 2066 2322 ad
2094 2259 2369 2319 membro-

816 2388 947 2428 rum
976 2360 1395 2426 invaliditate'm
1420 2361 1678 2421 redactus
1703 2377 1782 2428 es,
1813 2356 2046 2416 Limina
2076 2351 2370 2432 Apostolo-

818 2460 1114 2522 rumPetri
1134 2468 1184 2518 et
1198 2456 1379 2517 Pauli
1395 2455 1626 2515 visitare
1651 2452 2020 2533 personaliter
2041 2449 2106 2506 de
2129 2445 2373 2505 triennio

817 2558 884 2615 in
910 2555 1220 2615 triennium
1245 2550 1540 2621 commode,
1568 2558 1632 2608 ut
1651 2549 1892 2626 jurasti,
1919 2561 2034 2602 non
2060 2541 2210 2601 vales
2233 2557 2370 2617 pro-

818 2649 1026 2720 cidere,
1053 2643 1164 2705 tuis
1187 2647 1252 2704 in
1275 2644 1381 2704 hac
1406 2651 1569 2721 parte
1595 2637 2098 2719 supplicationibus
2128 2634 2372 2692 inclina-

819 2745 899 2812 ti,
932 2742 1067 2809 tibi,
1096 2748 1193 2807 ut,
1222 2749 1324 2797 tua
1352 2738 1473 2795 vita
1498 2735 1741 2794 durante
1759 2779 1775 2802 ,
1808 2750 1906 2810 per
1936 2728 2372 2788 Procuratorem

823 2849 985 2895 tutum
1002 2835 1078 2894 ad
1096 2833 1196 2891 boc
1222 2851 1260 2891 a
1288 2839 1337 2889 te
1356 2827 1674 2908 specialiter
1696 2825 2060 2885 constitutum
2085 2821 2236 2880 dicta
2266 2817 2368 2877 Li-

819 2931 979 2989 mina
1006 2924 1291 2987 visitando
1314 2970 1333 2993 ,
1359 2922 1436 2982 ad
1463 2940 1528 2981 ea
1553 2920 1724 2980 aliter
1753 2917 2099 2978 visitandum
2139 2914 2371 2973 minime

825 3025 1065 3083 tenearis
1093 3067 1109 3090 ,
1140 3038 1239 3078 nec
1264 3018 1341 3078 ad
1367 3017 1429 3075 id
1463 3015 1676 3075 invitus
1720 3033 1758 3074 a
1797 3029 2078 3090 quoquam
2113 3009 2369 3087 compelli

823 3118 995 3200 possis
1018 3134 1039 3176 .·
1068 3133 1135 3176 ac
1164 3114 1268 3173 tibi
1293 3160 1310 3183 ,
1340 3113 1442 3190 qui
1463 3120 1692 3191 propter
1724 3107 2113 3188 infirmitatem
2140 3103 2368 3183 praedi-

823 3224 972 3272 ctam
998 3209 1244 3272 Missam
1268 3206 1470 3277 stando
1494 3205 1768 3264 celebrare
1801 3219 1914 3260 non
1944 3200 2093 3259 vales
2124 3246 2139 3267 ,
2163 3207 2219 3256 et
2250 3198 2369 3256 zelo

824 3305 1124 3366 devotionis
1146 3318 1403 3363 accensus
1425 3298 1667 3360 Missam
1685 3297 1957 3356 celebrare
1977 3292 2276 3360 desideras,
2302 3292 2371 3348 ti-

826 3402 904 3469 bi,
934 3409 998 3458 ut
1021 3396 1259 3457 ⁴sedendo
1288 3396 1352 3453 in
1377 3393 1619 3471 quodam
1643 3390 1888 3470 artificio
1907 3387 2049 3449 sedis
2071 3405 2175 3466 per
2202 3395 2253 3444 te
2278 3384 2370 3462 sa-

822 3503 910 3552 cto
938 3539 953 3562 ,
987 3492 1053 3550 in
1090 3509 1200 3567 quo
1229 3486 1461 3547 sedendo
1492 3468 1641 3545 s⁸tare
1683 3482 1929 3542 videaris
1955 3526 1971 3550 ‚
2016 3480 2226 3558 quoties
2267 3475 2372 3535 tibi

819 3587 1137 3666 placuerit,
1167 3580 1412 3644 Missam
1438 3580 1734 3647 celebrare,
1766 3575 2190 3635 benedictionem
2214 3572 2368 3631 elar-

706 3671 712 3677 ’
821 3681 962 3757 ςίνί,
993 3687 1041 3737 et
1067 3678 1219 3745 alia,
1249 3693 1391 3752 quae
1423 3673 1499 3733 ad
1525 3669 1914 3750 Episcopalem
1945 3664 2218 3727 Ordinem
2238 3682 2371 3744 per-

825 3775 1029 3840 tinent,
1051 3771 1221 3829 etiam
1245 3766 1476 3827 sedendo
1509 3772 1863 3832 exercere,.et
1891 3759 2102 3821 Horas·
2118 3754 2372 3818 Canoni-

823 3864 940 3935 c'as,
954 3863 1216 3932 diurnas,
1228 3871 1278 3919 et
1294 3869 1761 3926 nocturnas,oum
1778 3873 1914 3924 uno,
1928 3851 2231 3912 velduobus
2258 3846 2376 3910 Ca-

823 3958 1069 4039 pellanis
1085 3955 1270 4032 juxta
1297 3952 1548 4019 ordinem
1576 3945 1861 4010 Romanae
1905 3943 2119 4007 Curiae
2154 3962 2255 4023 per
2282 3943 2372 4015 di-

827 4055 986 4115 lectos
1017 4036 1408 4130 filios‘nostros
1442 4041 1811 4126 Cardinalem
1841 4038 2087 4100 Sanctae
2123 4034 2327 4098 Crucis
2353 4082 2373 4106 ,

826 4147 914 4207 cel
939 4146 1083 4206 alios
1115 4142 1434 4219 antiquitus
1464 4138 1786 4197 institutum
1809 4144 1981 4214 prout
2018 4133 2124 4192 tibi
2141 4132 2373 4211 placue-

827 4243 906 4301 rit
932 4287 949 4309 ,
982 4239 1149 4298 libere
1179 4245 1229 4294 et
1261 4235 1409 4293 licite
1440 4233 1619 4291 dicere
1656 4249 1721 4289 ac
1749 4228 1963 4288 easdem
1991 4224 2186 4285 Horas
2212 4234 2373 4284 ante-

819 4352 1047 4413 ponere,
1076 4340 1127 4390 et
1151 4338 1494 4408 postponere,
1520 4334 1571 4384 et
1589 4323 1929 4384 cumulative
1954 4321 2122 4380 unico
2142 4327 2373 4378 contex-

829 4440 892 4488 tu
910 4429 1144 4486 recitare
1163 4425 1281 4482 sine
1300 4420 1563 4499 scrupulo
1581 4414 1941 4487 conscientiae
1965 4415 2132 4473 libere
2151 4422 2200 4473 et
2226 4412 2376 4471 licite

823 4520 998 4599 possis
1015 4527 1066 4577 et
1084 4517 1294 4584 valeas,
1321 4524 1502 4573 tenore
1514 4511 1896 4590 praesentium
1916 4508 1981 4567 de
1997 4507 2228 4586 speciali
2242 4524 2375 4584 qra-

830 4616 914 4673 tia
943 4612 1321 4689 indulyemus,
1363 4608 1609 4686 proviso,
1653 4604 1800 4681 quod
1841 4601 2117 4661 Divinum
2157 4600 2375 4661 Sacra·

830 4716 1082 4772 ruentum
1107 4704 1294 4762 debita
1319 4720 1446 4763 cum
1470 4698 1781 4759 reverentia
1810 4706 2104 4766 tractetur,
2133 4704 2185 4754 et
2209 4714 2375 4756 scan-

836 4800 1034 4861 dalum
1058 4817 1172 4867 non
1197 4806 1487 4873 sequutum·
1516 4802 1567 4853 ct
1591 4793 1644 4851 si
1667 4790 2032 4852 celebratione
2056 4800 2158 4849 tua
2183 4790 2248 4848 in
2275 4808 2375 4849 ar-

835 4895 1008 4975 tificio
1020 4892 1308 4972 praedicto
1327 4897 1572 4950 astantes
1591 4886 1980 4971 scandalizari
1999 4884 2380 4965 verisimiliter

831 4989 985 5048 credi
1005 4987 1203 5067 possit,
1232 4984 1650 5044 celebrationem
1677 4979 2018 5057 hujusmodi,
2049 4998 2162 5038 non
2185 4979 2377 5056 publi-

834 5102 889 5141 ce
915 5129 928 5151 ,
958 5081 1050 5141 sed
1074 5081 1343 5159 privatim
1371 5077 1571 5155 facias.
1607 5069 2113 5135 Non‘obstantibus
2139 5071 2378 5152 Aposto-

1769 529 1853 584 ‘nt-t
1891 523 2374 585 SAcnosANCTo
2410 523 2627 576 MISSAE
2664 521 3041 575 small-‘tcto

2592 667 2807 727 Datum
2833 669 2893 726 in
2926 665 3102 726 Dono
3129 664 3376 727 Sanctae
3422 660 3625 722 Crucis
3669 669 3838 720 extra
3885 673 4012 715 mu-

2466 782 2559 822 ros
2602 761 2804 822 Nicen.
2870 762 2976 819 sub'
3021 760 3255 819 Annulo
3317 757 3627 817 piscatoris
3682 754 3777 814 Vl.
3843 751 4017 812 Junii

2468 855 2879 919 MDXXXIII.
2918 854 3291 935 pontificatus
3313 850 3517 912 Nostri
3545 869 3696 910 anno
3718 847 3968 923 Quarto.

2822 1032 3230 1124 Hieronymus
3280 1039 3458 1101 Cau-d.
3496 1036 3867 1099 Ghinnccius
3936 1061 3942 1066 ·

3458 1132 3593 1194 Fab.
3642 1131 3814 1209 Viqit.

2968 1272 3141 1383 Pius
3181 1321 3381 1382 PAPA
3423 1320 3500 1380 V.

2748 1507 3107 1570 DILECTO
3147 1504 3367 1568 FILIO
3406 1503 3746 1566 NOSTRO

2868 1694 3123 1756 PETRO
3191 1690 3621 1754 FRANCISCO

2516 1881 2789 1943 TITULI
2802 1881 3152 1944 SANCTAE
3177 1877 3546 1942 AGNETIS
3569 1814 3667 1940 IN
3685 1874 3978 1937 AGONE

2470 2073 2905 2127 PRESBYTERO
2941 2071 3299 2125 CARDINALI
3338 2069 3670 2140 mummio
3704 2068 3986 2122 vocuo
4007 2104 4022 2116 .

2556 2259 2769 2325 Dilecto
2816 2264 2936 2325 Fili
2963 2276 3149 2324 noster
3187 2263 3457 2334 salutem,
3485 2271 3541 2322 et
3557 2261 3938 2341 Apostolicam

3019 2357 3476 2417 benedictionem.

2478 2498 2765 2606 Eximio
2790 2548 3068 2605 virtutum
3101 2545 3250 2605 dona
3265 2590 3281 2614 ,
3310 2545 3516 2622 quibus
3541 2549 4026 2622 personamwuam

2480 2637 2721 2697 illarum
2753 2640 2994 2716 larqitor
3036 2637 3353 2718 illustravit
3391 2635 3721 2697 Altissimue
3744 2681 3761 2705 ,
3799 2652 4022 2714 prome-

2478 2742 2707 2801 rentur,
2753 2742 2820 2791 ut
2848 2733 2987 2791 votis
3022 2733 3159 2802 tuis,
3202 2731 3532 2810 praesertim
3558 2739 3701 2807 quae
3744 2745 3819 2787 ex
3859 2727 4022 2786 devo·

2478 2825 2644 2885 tionis
2666 2819 2880 2904 fervore
2912 2826 3143 2905 prodire
3174 2825 3600 2902 diqnoscuntur,
3634 2823 3867 2899 beniqno
3909 2819 4021 2881 an'·

2478 2938 2722 2979 nuamus
2747 2917 2949 2999 affectu
2971 2961 2988 2978 .
3027 2916 3174 2979 Cum
3195 2920 3418 2996 itaque,
3450 2919 3595 2978 sicut
3618 2915 3796 2978 Nobis
3841 2933 4025 2996 nuper

2477 3013 2788 3092 eoeposuisti
2808 3058 2822 3080 ,
2868 3022 2932 3070 tu
2972 3011 3110 3071 adeo
3150 3010 3469 3088 frequenter
3493 3011 3758 3089 yravibus
3790 3009 3877 3066 tui
3906 3026 4027 3067 cor-

2475 3107 2630 3186 poris
2672 3105 3189 3186 indispositionibus
3234 3113 3288 3164 et
3333 3105 3663 3190 praesertim
3712 3102 3967 3184 podaqra
3995 3149 4011 3172 ‚

2478 3219 2620 3278 quae
2643 3211 2704 3260 te·
2724 3202 2945 3261 assidue
2965 3200 3298 3279 impeditum
3324 3207 3496 3268 tenet,
3542 3199 3800 3258 laborare
3820 3198 4020 3257 solitus

2473 3296 2583 3365 sis,
2633 3305 2698 3355 ut
2747 3295 2973 3373 qnando
3017 3294 3319 3353 devotionis
3367 3302 3496 3353 tuae
3549 3311 3722 3353 cauea
3768 3292 4016 3352 Missam

2475 3390 2748 3450 celebrare
2789 3389 3065 3449 desideras
3087 3435 3102 3456 ,
3135 3388 3404 3479 quoniam
3447 3386 3674 3466 pedibus
3714 3396 3865 3446 stare
3905 3405 4021 3445 non

2472 3493 2646 3561 potes,
2671 3483 2734 3541 id
2761 3483 2941 3560 facere
2968 3483 3131 3541 nullo
3172 3481 3332 3540 modo
3354 3480 3538 3541 valeas
3558 3501 3580 3547 .·
3622 3499 3800 3558 quare
3842 3478 4021 3542 Nobis

2480 3578 2771 3636 humiliter
2791 3577 3147 3656 supplicasti,
3178 3585 3246 3634 ut
3268 3576 3372 3634 tibi
3391 3576 3456 3634 in
3482 3573 3801 3654 praemissis
3820 3593 4023 3654 oppor-

2480 3680 2611 3730 tune
2628 3671 2919 3749 procidere
2936 3671 3004 3738 {le
3029 3670 3369 3753 beniynitate
3392 3666 3716 3746 Apostolica
3752 3669 4020 3746 diqnare-

2482 3784 2645 3825 mur.
2691 3760 2812 3826 Nos
2850 3765 3033 3842 iqitur
3060 3764 3355 3843 specialem
3398 3765 3647 3841 qratiam
3694 3763 3799 3821 tibi
3838 3762 4021 3839 facere

2479 3859 2713 3918 volentes
2730 3905 2746 3927 ‚
2774 3859 2886 3917 tuis
2913 3859 2977 3915 in
2998 3858 3103 3918 hac
3128 3866 3294 3937 parte
3311 3856 3819 3936 supplicationibus
3845 3857 4018 3916 ineli-

2480 3953 2607 4011 nati
2624 3998 2640 4022 ,
2682 3953 3161 4031 circumspectioni
3209 3960 3369 4021 tuae,
3427 3960 3527 4019 ut,
3579 3952 4024 4029 quotiescumque

2481 4046 2783 4104 devotionis
2808 4046 3058 4123 qratiam
3078 4043 3325 4105 Missam
3350 4044 3625 4104 celebrare
3648 4044 3892 4103 volueris
3915 4091 3932 4115 ,
3976 4046 4031 4104 ei

2479 4158 2601 4198 eam
2638 4138 2867 4218 pedibus
2905 4137 3107 4198 stando
3131 4138 3196 4196 ob
3229 4138 3383 4215 ipsas
3422 4137 3866 4215 indispositiones
3887 4156 4031 4197 com-

2482 4232 2633 4291 mode
2654 4233 2926 4291 celebrare
2952 4232 3289 4310 nequiveris,
3319 4231 3487 4290 illam
3526 4231 3758 4290 sedendo
3778 4232 3843 4289 in
3865 4228 4019 4291 Ora-

2484 4327 2626 4385 torio
2649 4326 2842 4385 domus
2867 4326 3150 4395 tuae,'eeu
3176 4323 3452 4404 Cappella
3494 4335 3594 4385 tua
3624 4327 3852 4403 privata
3874 4372 3890 4394 ,
3932 4344 4027 4384 co-

2481 4439 2609 4480 ram
2647 4420 3030 4498 familiaribus
3070 4429 3123 4479 et
3169 4420 3477 4478 domesticis
3531 4421 3642 4478 tuis
3684 4419 4025 4489 dumtaxat,

2480 4516 2565 4574 ita
2584 4525 2648 4573 ut-
2678 4514 2881 4573 eoeinde
2902 4515 3099 4572 nullus
3125 4513 3483 4582 scandalum,
3510 4524 3612 4573 aut
3633 4511 4030 4594 offendiculum

2480 4627 2673 4687 capere
2696 4609 2868 4687 possit
2894 4655 2910 4678 ,
2946 4608 3094 4667 alias
3141 4616 3327 4667 tamen
3371 4608 3480 4666 rite
3528 4608 3799 4667 celebrare
3838 4609 4029 4669 valeas

2481 4702 2815 4762 aucton'tate
2826 4700 3146 4781 Apostolica
3162 4712 3343 4761 tenore
3351 4704 3732 4781 praesentium
3744 4702 4033 4762 licentiam

2483 4796 2846 4865 concedimus,
2889 4807 2941 4855 et
2961 4795 3320 4873 facultatem.
3370 4794 3504 4856 Non
3523 4796 3866 4856 obstantibus
3894 4815 4030 4856 con-

2484 4889 2868 4949 stitutionibus
2908 4899 2958 4948 et
2989 4890 3441 4949 ordinationibus
3467 4887 3824 4968 Apostolicis,
3849 4874 4029 4950 caetess

2486 4985 2676 5062 risque
2695 4984 3001 5043 contrariis
3023 4984 3456 5061 quibuscumque
3478 5025 3494 5042 .

2606 5075 2822 5136 Datum
2855 5076 3062 5136 Romae
3097 5077 3251 5155 apud
3290 5074 3571 5135 Sanctum
3615 5073 3887 5135 Marcum
3928 5078 4032 5136 sub

839 5177 959 5236 licie
987 5178 1050 5234 in
1079 5172 1536 5261 Prouincialibus
1581 5179 1631 5227 et
1677 5165 2082 5246 Synodalibus¹
2105 5163 2378 5231 Cone-iliis
2490 5169 2722 5229 Annulo
2806 5168 3118 5229 Piscatoris
3179 5170 3267 5229 die
3339 5167 3617 5228 XXVIII.
3693 5166 4033 5248 Septembris

840 5268 1003 5335 editis
1029 5268 1380 5347 =qeneralibus
1409 5312 1425 5335 ,
1457 5265 1542 5345 vel
1582 5263 1914 5341 specialibus
1964 5264 2381 5322 constitutioni-
2492 5261 2838 5324 MDLXVI.
2885 5261 3259 5342 Pontificatus
3285 5259 3486 5322 Nostri
3525 5259 3695 5320 Anno
3732 5259 3950 5321 Primo.

841 5366 961 5434 bus,
986 5376 1036 5423 et
1064 5359 1555 5440 ordinationibus,
1581 5357 1915 5433 eaeterisque
1933 5357 2236 5445 contrariis
2259 5358 2389 5434 qui-

845 5460 1193 5535 buscumque.

3267 5448 3482 5511 Caesar
3523 5448 3885 5509 Glorierius.
