4487 6316
946 533 1054 588 2¹⁶
1786 533 1874 588 DE
1911 531 2397 590 sacttosmc'ro
2434 529 2653 586 HISSAE
2691 532 3074 591 sictut-'tcto

775 683 855 740 ‚55
884 729 899 751 ‚
928 700 1004 743 ex
1035 694 1159 760 quo
1185 679 1549 762 intelligitur
1577 700 1699 743 non
1742 681 2034 744 asservati
2087 698 2199 761 pro
2222 699 2327 741 sa·
2431 678 2768 763 attigimus,
2799 671 2867 743 nt
2906 679 3191 752 Sacerdos
3223 680 3470 746 indutus
3494 681 3573 745 sit
3618 679 3981 764 superpelli-
4020 698 4324 799 ἱξιπῃὸιυᾟζ

775 776 902 849 nis,
939 785 1068 838 tum
1094 777 1241 858 qnia
1264 778 1441 859 juxta
1464 778 1794 840 Romanam
1822 775 2316 838 consuetudinem
2425 795 2560 848 ceo,
2611 784 2672 838 et
2696 775 2859 839 Stola
2892 778 3027 858 ‘ejus
3051 776 3269 839 coloris
3290 823 3306 849 ,
3330 777 3450 857 .qui
3499 777 3863 840 conveniens
3907 778 3999 838 sit·
4025 815 4329 871 „mmmm

773 871 949 933 Feria
972 881 1140 934 sexta
1164 889 1283 933 non
1314 872 1607 944 tribuitur
1627 872 2037 944 Eucharistia‚
2069 884 2137 933 ut
2165 874 2321 934 le-ie
2427 869 2644 932 Officio
2677 875 2807 952 ejus
2827 869 2944 932 diei
2974 892 2991 943 3
3031 879 3092 934 et
3119 872 3178 931 S.
3214 870 3465 936 Carolus
3497 873 3895 934 Borromaeus
3923 873 3972 933 1.
4019 873 4212 915 “⁵¹⁰¹‘-

421 3834 436 3866 t
447 3842 469 3866 (-

424 3881 463 3923 Ιί-

770 967 1051 1028 observat
1074 967 1608 1029 Eminentissimus
1635 967 1972 1030 Cardinalis
2016 969 2191 1029 Petra
2239 966 2321 1028 ad

771 1059 1269 1123 constitutionem
1296 1065 1393 1122 20.
1425 1060 1678 1142 Eugenii
1708 1059 1816 1123 tv,
1864 1069 2008 1123 tom.
2043 1065 2101 1122 4.
2136 1080 2313 1121 nnm.

772 1161 798 1214 1
813 1161 835 1215 1
851 1200 866 1216 .
891 1155 1068 1230 Quod
1094 1164 1297 1218 autem
1315 1157 1529 1218 attinet
1548 1158 1623 1218 ad
1646 1157 1975 1218 Sabbatum
1997 1156 2317 1228 Sanctum,

767 1250 877 1312 etsi
915 1250 1245 1313 Clericatus
1285 1251 1463 1313 decis.
1524 1256 1619 1312 15.
1667 1252 1741 1312 de
1769 1250 2031 1313 Sacram.
2083 1249 2323 1312 Eucha-

769 1342 899 1405 rist.
930 1352 1184 1405 conatur
1213 1346 1472 1425 probare
1493 1392 1509 1418 ,
1563 1345 1716 1406 nihil
1748 1365 1875 1406 esse
1899 1392 1914 1416 ,
1950 1347 2073 1426 (juo
2101 1344 2322 1425 probi-

767 1439 984 1500 beatur
1010 1439 1451 1522 Encharistiam
1485 1459 1557 1500 eo
1590 1439 1689 1508 die
1738 1439 2109 1511 ministraria
2155 1458 2320 1501 rom-

767 1553 1013 1596 munem
1075 1542 1272 1596 tamen
1321 1535 1735 1597 existimamus
1782 1533 2141 1596 servandam
2195 1553 2324 1595 esse

761 1629 1254 1690 consuetudinem
1297 1625 1484 1689 nullis
1538 1628 1651 1689 nisi
1705 1628 1968 1689 infirmis
2017 1625 2318 1690 Euchari-

759 1723 934 1786 stiam
961 1723 1377 1786 ministrandi:
1409 1725 1808 1805 quamobrem
1837 1725 2077 1785 Macrns
2109 1724 2171 1783 in
2206 1719 2322 1783 Vo-

759 1819 1070 1881 cabulario
1098 1819 1440 1881 Ecclesiast.
1478 1819 1681 1880 Vos-bo
1706 1818 2039 1879 Communia
2066 1821 2130 1878 in
2165 1818 2319 1880 Mis-

759 1934 845 1983 sa,
874 1914 1107 1995 inquit,
1150 1914 1392 1976 Sabbati
1424 1913 1632 1974 Sancti
1674 1935 1785 1973 non
1815 1916 2028 1974 dicitnr
2050 1935 2112 1974 ea
2144 1913 2319 1974 Anti-

762 2011 972 2088 phona,
1006 2030 1149 2087 quae
1175 2011 1501 2089 appellatur
1534 2007 1894 2078 Communia,
1920 2011 2057 2087 qaia
2085 2029 2196 2066 non
2219 2009 2318 2089 fie-

765 2104 1104 2183 bat‘Popttli
1129 2101 1485 2174 Communia,
1513 2124 1657 2181 quae
1687 2124 1756 2162 ne
1775 2121 1925 2163 nnnc
1968 2104 2196 2181 quidem
2228 2103 2318 2179 sa-

765 2198 968 2258 rienda
993 2208 1124 2257 esset
1143 2219 1166 2265 ,·
1195 2207 1539 2276 quapropter
1558 2199 1794 2257 obtusum
1825 2207 1960 2275 puto
1981 2213 2177 2256 earum
2213 2196 2323 2254 an

771 2293 1094 2365 etesiarum,
1137 2294 1237 2351 aba·
1280 2290 1529 2352 Sabbata
1559 2303 1751 2364 saneto
1787 2293 2152 2350 ministra-'ur
2197 2287 2329 2349 Eis-¹

765 2389 1087 2452 charistia:
1135 2388 1325 2466 pluris
1373 2389 1521 2447 enim
1576 2387 1832 2464 facienda
1884 2398 1960 2445 est
2024 2386 2317 2455 Ecclesia,

434 2487 503 2528 *¹¹
521 2486 563 2529 ⁵¹¹
576 2484 725 2585 fin·
769 2502 940 2557 quam
965 2481 1501 2561 privataFidetimn
1531 2482 1772 2539 det-otio.
1807 2482 1895 2540 De
1916 2479 2106 2540 altero
2133 2501 2320 2560 quae-

432 2550 725 2644 33ωοῖᾟῖ
765 2576 880 2636 sito
899 2585 920 2648 ,‘
947 2595 1026 2636 an
1061 2571 1352 2636 Sacerdos
1405 2575 1468 2644 in
1515 2574 1751 2654 privato
1799 2573 2057 2653 alicujus
2107 2574 2321 2634 domus

763 2659 1041 2731 oratorio
1068 2670 1252 2751 possit
1289 2668 1729 2730 Eucharistiam
1774 2668 2150 2737 ministrare,
2192 2669 2321 2749 jam

765 2766 869 2827 diu
900 2773 988 2832 est
1005 2785 1143 2826 cum
1166 2764 1379 2826 Edicto
1416 2768 1508 2824 tt.
1538 2763 1603 2845 §.
1634 2768 1728 2823 11.
1772 2770 1918 2823 tom.
1968 2768 2025 2822 2.
2083 2763 2328 2824 demon-

763 2860 1085 2921 stravimus
1102 2880 1178 2920 ex
1195 2857 1498 2919 communi
1523 2857 1836 2930 sententia,
1867 2876 2019 2938 opus
2040 2877 2166 2918 esse
2186 2878 2320 2939 spe-

761 2954 898 3016 ciali
922 2954 1162 3038 licentia
1184 2952 1493 3015 Ordinarii
1519 2996 1532 3011 .

1208 3162 1214 3169 “
1302 3142 1552 3207 CAPUT
1578 3134 1755 3204 xlx.

765 3334 847 3393 De
864 3353 972 3394 usu
992 3334 1361 3394 ministrandi
1392 3331 1824 3392 Eucharistiam
1855 3341 2022 3392 extra
2044 3330 2313 3393 Missam.

431 3542 541 3583 usu·
599 3540 721 3582 mtnt-
769 3528 822 3583 1.
874 3472 1132 3584 Thiers
1178 3521 1252 3582 de
1299 3518 1721 3599 superstitione
1767 3528 1934 3579 tom.-
1978 3523 2050 3577 3.
2083 3537 2214 3598 cap.
2249 3523 2306 3578 2.

427 3598 716 3697 {22:ff.⁵;,5‘'’
759 3636 929 3676 num.
962 3623 1020 3676 8.
1053 3615 1161 3676 etsi
1191 3614 1443 3675 candide
1487 3612 1710 3673 fatetur
1734 3656 1751 3685 ,
1795 3620 2064 3691 tempore
2096 3612 2315 3673 Missae

427 3716 717 3812 23:⁸2³„ss
759 3709 1221 3781 ministrandam
1283 3706 1725 3768 Eucharistiam
1784 3713 1917 3785 post
1968 3705 2308 3767 Sacerdotis

472 3786 720 3887 ,ημυηὲω-
762 3804 1300 3874 Communionem,
1351 3810 1550 3863 tamen
1595 3799 1852 3863 nimium
1902 3800 2313 3880 superstitiose

490 3891 570 3927 lus·

753 3919 957 3962 sacrae
969 3897 1314 3978 antiquitati
1339 3916 1480 3958 eum
1501 3896 1806 3957 addictum
1830 3904 2022 3975 putat,
2048 3895 2160 3975 ‘qui
2191 3897 2311 3956 Eu-

754 3992 1100 4057 charistiam
1129 3990 1537 4053 administrari
1566 4009 1687 4050 non
1712 4006 1882 4069 posse
1908 3988 2309 4050 arbitraretur

755 4095 926 4149 extra
975 4085 1250 4147 Missam.
1313 4084 1465 4143 Usus
1493 4081 1958 4144 administrandi
2010 4081 2307 4157 Euchari-

754 4181 931 4243 stiam
953 4186 1145 4241 ‘extra’
1167 4177 1410 4239 Missam
1449 4176 1649 4255 ‘caepit
1692 4174 2153 4256 Hierosolymae
2179 4195 2215 4239 a
2242 4175 2305 4237 S.

752 4273 964 4357 Cyrilli
994 4270 1394 4351 temporibus:
1421 4269 1759 4333 confluente
1779 4267 1941 4328 enim
1969 4287 2184 4347 magna
2198 4267 2305 4328 ad-

753 4386 1046 4429 venarum
1068 4363 1697 4426 multitudinesacram
1717 4361 2164 4442 deposcentium
2187 4362 2306 4421 En-

750 4460 1098 4523 cliaristiam
1117 4506 1133 4531 ,
1164 4459 1227 4519 in
1255 4457 1520 4519 Ecclesia
1546 4455 1843 4517 Orientali
1872 4453 2005 4515 fieri
2054 4453 2307 4516 minime

751 4563 1005 4638 poterat,
1031 4562 1101 4615 ut
1130 4553 1366 4633 quoties
1385 4549 1874 4617 distribuendum
1900 4556 2053 4611 esset
2090 4549 2315 4624 Sacra--

751 4656 1022 4710 mentum
1041 4694 1057 4722 ,
1088 4648 1270 4708 Missa
1295 4646 1737 4717 celebraretur,
1768 4652 1838 4704 ut
1858 4643 2121 4705 ostendit
2172 4644 2302 4705 Ma-

754 4742 1043 4805 billonius
1065 4756 1071 4761 ·
1096 4741 1158 4802 in
1189 4741 1432 4822 Liturg.·
1458 4737 1769 4808 Gallicana
1806 4738 2006 4799 lib.‹1.
2057 4757 2187 4817 cap.
2238 4744 2296 4798 9.

749 4856 918 4898 num.
950 4842 1049 4896 26.
1081 4841 1142 4897 et
1167 4836 1228 4895 in
1253 4834 1660 4896 Commentar.
1694 4833 1770 4894 ad
1788 4831 1933 4893 Ord.
1962 4833 2302 4892 Romanum

751 4951 922 4993 num.
958 4936 1015 4991 9.
1045 4931 1137 4991 ΑΙ)
1164 4928 1427 4990 Ecclesia
1454 4926 1749 4989 Orientali
1764 4926 1837 4993 jn
1853 4924 2300 4987 occidentalem

750 5045 822 5087 ea
847 5023 1214 5087 consuetudo
1263 5020 1566 5084 manavit:
1617 5038 1730 5081 nec
1775 5038 1918 5080 sane
1947 5020 2160 5098 potest.
2181 5018 2307 5078 im..

750 5117 994 5199 probari
1021 5137 1036 5176 τ
1062 5114 1304 5197 publice
1324 5114 1485 5175 enim
1509 5113 1575 5173 id
1603 5111 1739 5174 fieri
1765 5112 2061 5185 videmuS,
2103 5120 2163 5173 et
2192 5112 2298 5175 Ri-

751 5212 913 5275 tuale
941 5213 1280 5272 Romanum
1308 5207 1399 5269 tit.
1433 5208 1498 5266 de
1523 5204 1747 5267 Ordine
1786 5207 2156 5268 ministrandi
2200 5227 2297 5271 sa-

744 5326 903 5367 cram
945 5302 1402 5366 Communionem
1443 5299 1681 5380 regulas
1719 5299 2002 5379 proponit
2043 5297 2292 5363 servati-

746 5399 853 5457 das
879 5397 941 5456 in
963 5392 1484 5458 administratione
1522 5391 1890 5455 Sacramenti
1946 5399 2117 5454 extra
2146 5393 2292 5454 Mis-

746 5508 870 5550 sam
893 5510 910 5561 3
936 5489 1096 5552 inter
1117 5506 1271 5570 quas
1290 5505 1360 5549 ea
1388 5494 1477 5547 est
1507 5485 1714 5565 regula
1733 5530 1751 5556 ,
1787 5504 1973 5565 quam
2002 5486 2281 5566 superius

2431 964 2699 1029 Concilio
2726 964 3089 1028 provinciali
3138 986 3269 1047 par.
3316 971 3368 1027 1.
3402 967 3985 1048 jubet'Sacerdotem

2432 1059 2602 1120 indui
2630 1059 2793 1122 Stola
2819 1060 2981 1132 alba,
3016 1059 3182 1121 Stola
3204 1080 3346 1122 vero
3377 1061 3585 1133 rubra,
3619 1060 3739 1124 ubi.
3780 1081 3987 1136 serva·

2433 1160 2532 1214 tur
2559 1145 2993 1222 Ambrosianus
3022 1154 3194 1215 Ritus
3218 1174 3236 1214 ι
3293 1153 3743 1236 Super-pelliceo,
3770 1167 3820 1214 et
3849 1154 3986 1214 Sto-

2434 1251 2492 1309 la
2509 1251 2663 1319 alba,
2694 1261 2743 1309 et
2776 1251 2874 1309 ubi
2901 1250 3066 1310 Ritus
3089 1249 3495 1311 Ambrmiamu
3523 1260 3624 1320 est,
3653 1251 3831 1311 rubra
3854 1261 3988 1320 uta·

2433 1356 2530 1405 tur
2552 1387 2568 1405 0

2549 1446 2609 1501 2.
2644 1442 2730 1502 Be
2755 1437 3070 1503 Sacerdote
3092 1449 3263 1506 extra
3285 1440 3528 1503 Missam
3541 1433 3986 1506 Eucharistiam
4026 1448 4115 1515 0¹3³
4207 1455 4323 1515 eur·

2432 1536 2812 1598 ministrante
2839 1536 3199 1617 proponitur
3253 1556 3324 1600 ea
3351 1536 3535 1598 etiam
3564 1534 3837 1615 quaestio
3856 1581 3872 1607 ‚
3906 1554 3985 1596 an
4028 1509 4323 1661 x'ssssssm':

4026 1630 4065 1661 ta
4089 1629 4320 1665 mamm-t

2428 1722 2733 1787 lethaliter
2778 1732 3018 1805 peccet:
3070 1724 3444 1806 etqualmvis
3499 1742 3803 1794 nonnemo
3847 1742 3988 1784 con-
4025 1680 4322 1792 fficf'ss-LL

4025 1794 4278 1840 walwen

2431 1632 2883 1700 Sacramentum
2933 1630 3284 1694 ministrans
3338 1627 3401 1691 in
3450 1638 3689 1711 peccato
3740 1627 3979 1690 mortali

2432 1822 2667 1893 tendat,
2694 1841 2832 1882 eum
2864 1840 2990 1880 non
3024 1819 3399 1884 committere
3423 1827 3729 1900 peecatum
3761 1827 3986 1894 morta-.-

2428 1916 2506 1990 le,
2529 1917 2885 1997 quia'neque
2899 1915 3351 1977 Sacramentum
3371 1913 3635 1994 conficit,
3662 1934 3768 1974 nec
3781 1931 3989 1993 quem·

2399 2031 2609 2092 ·quam
2635 2007 2996 2083 sanctificat,
3044 2010 3147 2071 sed
3179 2017 3414 2072 tantum
3465 2008 3728 2090 applicat
3764 2009 3977 2069 Sacra·

2404 2114 2702 2172 „mentum
2727 2150 2743 2178 ,
2796 2113 2863 2167 ut
2893 2104 3153 2183 gratiam
3180 2111 3500 2184 operetur,
3533 2111 3601 2173 ut
3652 2103 3861 2188 videre
3891 2107 3999 2182 est

2426 2200 2586 2280 apud
2617 2199 2872 2261 Dianam
2900 2199 3063 2260 Edit.
3091 2197 3305 2260 Coord.
3339 2206 3484 2261 tom.
3518 2203 3570 2259 1.
3600 2205 3771 2270 tract.
3804 2202 3863 2257 2.
3897 2215 3989 2257 rc-

2427 2294 2608 2355 solut.
2634 2301 2694 2364 ,5.
2732 2288 3044 2357 retinenda
3072 2302 3386 2355 tamen‘est
3413 2293 3713 2355 contraria
3743 2300 3982 2353 senten·

2431 2390 2514 2451 tia'
2537 2435 2554 2462 ,
2587 2409 2747 2469 quae
2770 2397 3017 2470 propter
3038 2399 3363 2462 suminam,
3398 2408 3555 2469 quae
3584 2395 3754 2449 tanto
3797 2386 3980 2448 debc-

2428 2491 2537 2545 tur
2550 2483 3418 2556 Sac,ra.mento„reverentiam‚
3444 2482 3655 2544 statuit
3675 2501 3856 2542 reum
3887 2501 3981 2542 cs-

2430 2599 2492 2640 se
2517 2575 2725 2662 gravis
2747 2579 2974 2639 Pet-cati
3020 2576 3402 2639 Sacerdotem
3434 2577 3878 2646 ministrantem
3914 2574 3979 2636 in

2431 2682 2671 2753 pecmto
2699 2673 2939 2735 mortali
2969 2671 3447 2744 Eucharistiam3
3477 2669 3623 2751 quia
3648 2678 3717 2732 ut
3746 2668 3985 2731 eruitur

2428 2788 2504 2828 ex
2530 2787 2663 2829 can.
2690 2765 2907 2828 ultimo
2942 2771 3034 2826 15.
3070 2774 3306 2846 quaest.
3337 2772 3397 2826 8.
3433 2765 3596 2826 Mati
3621 2766 3766 2824 bona
3792 2763 3981 2823 admi-

2426 2863 2724 2923 nistrando
2767 2883 2822 2921 se
2857 2862 3087 2922 laedant
3113 2909 3127 2931 ,
3177 2872 3227 2922 et
3276 2861 3424 2920 unde
3470 2861 3605 2921 aliis
3638 2857 3985 2919 commodam

2426 2957 2719 3024 exhibent,
2749 2958 2812 3015 in
2838 2976 2892 3015 se
2922 2958 3032 3016 sibi
3059 2956 3412 3035 dispendium
3436 2956 3733 3042 praebent.
3783 2953 3861 3012 Et
3886 2971 3982 3011 sa-

2427 3070 2502 3112 ne
2540 3050 2702 3112 haud
2746 3069 2965 3130 magno
3016 3041 3230 3111 mentis
3276 3069 3428 3130 opus
3460 3035 3548 3111 est
3577 3046 3887 3130 acumine,
3915 3053 3983 3105 ut

2426 3144 2566 3224 quis
2608 3144 2809 3206 videat
2854 3152 3227 3224 quantopere
3280 3151 3510 3223 peccet,
3567 3150 3981 3222 quantamque

2428 3238 2879 3300 irreverentiam
2902 3238 3163 3299 declaret
3181 3237 3458 3318 quisquis
3479 3238 3602 3297 Deo
3619 3235 3849 3303 invisus
3867 3253 3978 3294 au-

2424 3332 2523 3393 det
2542 3332 2993 3394 sanctissimum
3016 3331 3236 3393 Christi
3262 3331 3492 3410 Corpus
3522 3328 3826 3391 temeratis
3857 3345 3978 3401 mag-

2424 3425 2603 3487 nibus
2621 3433 3012 3498 contrectare,
3048 3432 3116 3485 ut
3147 3424 3375 3504 optime
3405 3422 3664 3484 advertit
3694 3421 3874 3483 Card.
3904 3420 3980 3482 de

2424 3520 2591 3601 Lugo
2636 3520 2710 3581 de
2741 3519 3142 3583 Sacramentis
3188 3519 3252 3579 in
3282 3517 3586 3591 communi
3636 3515 3860 3596 disput.
3911 3520 3972 3575 8.

2422 3633 2591 3674 num.
2624 3619 2755 3674 155.
2792 3614 2865 3673 Ι).
2895 3606 3155 3675 Thomas
3183 3617 3240 3680 3.
3273 3621 3430 3693 part.
3457 3620 3688 3692 quaest.
3718 3613 3815 3669 st.
3852 3614 3968 3670 art.

2422 3713 2480 3766 6.
2498 3707 2777 3787 proponit
2797 3706 3233 3786 quaestionem,
3263 3719 3457 3777 atrum
3480 3707 3622 3791 mali
3645 3705 3976 3787 ministran-

2422 3812 2497 3862 tes
2529 3799 2913 3862 Sacramenta.
2941 3813 3185 3880 peccent,
3220 3809 3280 3862 et
3307 3801 3370 3862 in
3404 3801 3567 3861 bunc
3604 3798 3849 3879 modum
3879 3818 3975 3857 re·

2417 3895 2708 3975 spondet:
2743 3894 3056 3971 Dicendum
3086 3907 3187 3956 etc.
3223 3898 3364 3974 quia
3392 3896 3489 3955 hoc
3514 3900 3803 3975 peccatum
3844 3911 3975 3971 per-

2418 3991 2556 4048 tinet
2582 3989 2659 4049 ad
2688 3991 3113 4050 irreverentiam
3158 3988 3265 4049 Dei
3291 4037 3306 4059 ,
3341 4000 3390 4049 et
3439 3978 3971 4047 contamae'izatitmem

2416 4081 2936 4152 Sacramentorum,
2973 4093 3248 4162 quantum
3282 4094 3356 4148 est
3383 4102 3455 4142 ex
3478 4076 3642 4162 parte
3665 4082 3837 4159 ipsius
3860 4079 3970 4136 mi·

2415 4178 2739 4237 nistratoris
2765 4225 2781 4248 ,
2837 4179 2960 4237 lieet
2994 4177 3371 4239 Sacramenta
3397 4176 3700 4236 secandam
3747 4194 3801 4233 se
3846 4174 3977 4253 ipsa·

2413 4272 2941 4333 incontaminabilia
2970 4274 3129 4332 sint:
3164 4292 3494 4350 consequens
3524 4280 3600 4330 est
3628 4314 3645 4342 ,
3677 4268 3825 4347 quod
3859 4268 3970 4327 tale

2411 4374 2698 4443 peccatum
2725 4385 2801 4428 ex
2825 4386 3017 4444 ρατιονε
3049 4386 3152 4426 suo
3179 4368 3252 4437 sit
3294 4366 3532 4426 mortale
3550 4408 3565 4424 .
3620 4364 3689 4424 ln
3719 4381 3966 4442 respon·

2413 4457 2581 4518 sione
2611 4467 2810 4520 autem
2834 4459 2909 4521 ad
2939 4460 3185 4535 tertium
3216 4460 3367 4521 illud
3396 4460 3688 4520 duntaxat
3722 4462 3968 4518 excusat

2413 4571 2447 4613 a
2470 4572 2627 4613 novo
2658 4563 2918 4634 peccato,
2941 4554 3058 4634 qui
3093 4563 3347 4637 urgente
3370 4553 3716 4615 necessitate
3733 4597 3749 4622 ,
3781 4549 3968 4613 admi-

2416 4645 2632 4707 nistrat
2670 4647 2730 4706 in
2765 4656 3002 4727 peccato
3057 4648 3297 4727 mortali
3344 4649 3799 4723 Sacramentum
3850 4646 3966 4707 Ba-

2411 4739 2609 4819 ptismi
2640 4761 2655 4799 t
2704 4740 2804 4802 Sic
2828 4744 2993 4809 enim,
3024 4754 3213 4823 patet,
3271 4744 3418 4822 quo‘d
3448 4763 3561 4801 non
3587 4742 3869 4801 exhiberet
3912 4758 3968 4799 se

2410 4834 2734 4894 ministrum
2754 4835 3064 4917 Ecclesiae,
3114 4837 3207 4899 sed
3247 4838 3557 4903 subveniret
3587 4834 3965 4894 necessitatem

2409 4929 2692 5007 patienti:
2733 4949 2884 4991 seem
2935 4942 3228 5001 autemest
3269 4933 3332 4994 in
3359 4932 3495 4992 aliis
3528 4928 3915 4998 Sacramentis
3939 4973 3956 4996 ,

2406 5042 2681 5100 quaenon
2723 5036 2855 5083 sant
2888 5034 3080 5086 tantae
3129 5025 3468 5085 necessitatis
3495 5071 3511 5094 ,
3548 5024 3691 5082 sicat
3728 5019 3959 5100 Baptis-

2404 5134 2526 5174 mus
2548 5157 2564 5173 .
2614 5115 2780 5181 Idem
2832 5122 3194 5206 quaest382.
3232 5127 3349 5179 art.
3385 5123 3441 5176 9.
3496 5106 3837 5197 quaerens3
3875 5131 3952 5173 an

2404 5206 2632 5269 liceata
2656 5208 3060 5271 Schismaticis
3102 5197 3556 5282 SacerdotibuS,
3607 5204 3981 5287 excommu-'

2403 5301 2637 5375 nicatis,
2668 5310 2774 5365 aut
2801 5304 3213 5383 peccatoribus
3241 5303 3739 5367 Communionem
3765 5299 3952 5378 susci.-

2376 5414 2576 5475 «ραι-θ,
2614 5395 2727 5457 vel
2753 5398 2965 5459 eorum
3012 5398 3228 5479 Missae
3246 5400 3494 5472 ‚adessm
3544 5397 3714 5463 docet
3744 5393 3975 5476 hujus·.

2404 5489 2563 5552 modi
2589 5489 2933 5555 Sacerdotes
2943 5513 3064 5555 non
3089 5513 3160 5555 eo
3186 5493 3383 5567 modo,
3408 5510 3531 5573 quo
3555 5509 3819 5572 aequum
3840 5494 3957 5560 (δὴ
