4487 6316
610 1159 732 1228 Fidei

443 1165 553 1204 Tm
524 1216 606 1316 ⁶¹:¹¹
658 1232 730 1275 qu·
681 1275 732 1317 d
775 1215 1061 1277 munione
1088 1218 1202 1278 sub
1223 1238 1346 1280 una
1370 1227 1603 1281 tantum
1627 1220 1821 1301 specie
1838 1240 1877 1282 a
1902 1203 2170 1280 Concilio
2194 1217 2325 1278 Tri-

470 1334 701 1376 ωηωωιο-
771 1308 1018 1371 dentino
1045 1311 1282 1373 adserta
1307 1313 1730 1402 abwlvamus,
1764 1313 2069 1393 reliquum
2095 1320 2217 1386 est,
2253 1318 2323 1372 ut

436 1228 550 1334 :1:08¹

436 1446 605 1491 enticis.

963 509 985 557 1
994 508 1064 559 ὁ*

1790 511 1875 563 DE
1913 501 2397 565 SACROSANCTO
2434 507 2648 566 mssAE
2685 507 3065 571 sacnti-'teto

780 650 1171 732 chiepiscopi,
1197 652 1483 716 adversus
1509 655 1670 717 Petri
1698 652 2001 716 Francisci
2020 652 2323 734 Couraye·
2435 669 2555 711 non
2604 652 2917 713 crederent
2964 670 3177 713 verum
3228 660 3290 714 et
3336 650 3640 733 integrum
3687 653 3981 717 contineri

780 745 834 807 ri
863 746 1188 808 novissima
1207 747 1445 811 Scholia
1465 750 1542 810 ad
1565 747 1895 813 Historiam
1917 747 2164 809 Concilii
2189 747 2326 808 Tri-

777 839 1007 901 dentini
1045 841 1205 908 Petri
1240 843 1475 916 Suavis,
1503 844 1610 905 ubi
1649 842 2179 915 Eminentissimus⁴
2200 843 2331 902 Au-.

775 941 904 995 ctor
928 934 1349 996 Tridentinum
1376 938 1695 999 Decretum
1715 956 1752 999 a
1772 935 2238 1016 sophismatibus
2263 942 2324 996 et

775 1027 1106 1094 maledictis
1134 1029 1318 1112 hujus
1343 1031 1662 1112 Scriptoris
1686 1032 1925 1114 egregie
1956 1029 2242 1093 vindicat.

895 1126 990 1183 30.
1034 1123 1112 1184 Ut
1142 1123 1304 1186 hunc
1347 1145 1684 1188 sermonem
1724 1133 1996 1188 nostrum
2028 1125 2104 1186 de
2144 1124 2323 1186 Com-

629 1402 1108 1490 ⁰⁸⁰⁸quaedam‘
1091 1426 1448 1480 innuamus,
1480 1427 1637 1487 quae
1663 1408 1968 1516 pertinent
1988 1407 2063 1468 ad
2083 1406 2320 1486 dispen-

771 1498 1066 1560 sationem
1095 1507 1157 1561 et
1188 1501 1625 1563 concessionem
1651 1501 1909 1564 Calicis
1893 1501 1988 1574 nis,
2023 1501 2129 1582 qui
2173 1500 2320 1561 Mis-

766 1609 897 1654 sam
925 1612 1046 1654 non
1075 1594 1401 1657 celebrant.
1436 1596 1602 1658 Fidei
1650 1595 1816 1657 enim
1851 1595 2143 1657 articulus
2180 1601 2317 1666 est,

767 1684 846 1746 ad
868 1694 1173 1748 aeternam
1201 1687 1453 1749 salutem
1481 1688 1627 1751 satis
1652 1708 1779 1750 esse
1800 1688 1907 1761 ei,
1937 1688 2042 1768 qui
2074 1639 2321 1749 Missam

765 1799 889 1841 non
909 1780 1194 1854 celebrat,
1217 1782 1523 1843 Christum
1545 1783 1765 1844 lesum
1768 1783 2036 1863 accipere
2057 1783 2170 1842 sub
2195 1800 2324 1861 spe-

671 1890 675 1893 ’
768 1874 860 1937 cie
879 1875 1052 1955 panis
1073 1883 1331 1949 tantum;
1357 1877 1498 1938 item
1523 1877 1689 1939 Fidei
1713 1877 2002 1939 articulus
2019 1884 2128 1949 est,
2152 1875 2324 1937 Chri-

770 1975 931 2047 stum
958 1987 1149 2049 aeque
1181 1970 1296 2030 sub
1326 1990 1445 2032 una
1471 2016 1489 2043 ‚
1534 1979 1717 2050 atque
1743 1970 1858 2031 sub
1899 1968 2089 2031 altera
2127 1969 2322 2049 specie

771 2069 965 2124 totum
991 2071 1053 2125 et.
1079 2064 1382 2145 integrum
1411 2064 1706 2126 contineri
1735 2086 1751 2140 ;
1780 2064 1858 2125 ad
1889 2064 2099 2126 Fidem
2135 2062 2320 2124 etiam

771 2157 1072 2238 pertinet,
1105 2177 1226 2219 non
1256 2173 1381 2219 esse
1408 2159 1869 2239 improbandam
1896 2157 2088 2240 legem
2112 2204 2130 2231 ,
2163 2177 2321 2238 quae

770 2259 965 2326 vetat,
999 2272 1077 2314 ne
1102 2252 1241 2333 quis
1266 2253 1706 2316 Eucharistiam
1734 2254 2019 2333 praebeat
2045 2253 2159 2313 sub
2185 2271 2319 2332 spe-

772 2345 864 2407 cie
906 2345 1034 2407 vini
1063 2367 1078 2406 ε
1122 2348 1225 2408 sed
1254 2347 1335 2409 ad
1365 2347 1746 2428 disciplinam
1779 2348 2079 2428 pertinet,
2124 2346 2321 2407 Laicis

769 2448 833 2501 et
856 2440 1276 2502 Sacerdotibus
1313 2461 1435 2503 non
1477 2443 1922 2505 celebrantibus
1942 2488 1959 2515 ,
1993 2441 2042 2502 si
2083 2440 2321 2502 debitae

769 2533 970 2595 adsint
1008 2535 1378 2597 conditiones
1403 2582 1421 2610 ,
1463 2537 1678 2598 Calicis
1727 2556 1904 2597 usum
1955 2535 2316 2606 concedere,

772 2645 994 2708 eosque
1018 2630 1134 2689 sub
1160 2638 1422 2710 utraque
1461 2630 1654 2711 specie
1686 2627 2142 2691 Sacramentum
2182 2647 2321 2708 per-

771 2720 990 2801 cipere.

891 2821 1001 2876 3¹.
1037 2815 1152 2877 Ubi
1180 2816 1255 2877 de
1280 2836 1347 2878 re
1375 2816 1490 2879 hac
1528 2823 1729 2878 actum
1769 2824 1886 2890 est,
1934 2834 2167 2895 semper
2209 2813 2317 2895 qui

769 2927 950 2969 usum
977 2908 1191 2970 Calicis
1233 2909 1660 2990 postulassent,
1706 2909 1901 2971 voluit
1946 2908 2208 2969 Ecclesia
2251 2915 2319 2969 ut

770 3002 990 3064 diserte
1032 3002 1298 3082 primum
1336 3004 1710 3066 declararent
1745 3012 1806 3065 et
1849 3002 2273 3084 profiterentur
2298 3047 2315 3074 ,

768 3117 893 3160 sese
917 3098 1161 3161 credere
1194 3106 1386 3162 totum
1409 3106 1469 3161 et
1495 3098 1800 3181 integrum
1823 3100 2026 3160 Jesum
2055 3104 2175 3158 tam
2203 3096 2318 3157 sub

772 3201 892 3254 uua
919 3212 1103 3272 quam
1132 3194 1246 3254 sub
1278 3193 1470 3256 altera
1496 3194 1690 3275 specie
1716 3193 2321 3272 continerizquapro-

770 3293 902 3366 pter
946 3287 1166 3349 AEneas
1214 3288 1458 3370 Sylvius
1503 3308 1608 3349 seu
1656 3288 1798 3349 Pius
1844 3288 1924 3349 11.
1975 3287 2036 3348 in
2086 3286 2315 3349 Histor.

772 3379 1090 3441 Bohemor.
1135 3401 1267 3461 cap.
1322 3386 1421 3443 52.
1470 3390 1717 3455 narrat,
1761 3400 1918 3462 quae
1969 3381 2126 3445 ratio
2174 3378 2319 3440 iniri

769 3474 1086 3554 potuisset,
1138 3476 1320 3537 etiam
1367 3484 1499 3557 post
1541 3476 1794 3539 vetitum
1839 3495 2016 3536 usum
2063 3473 2317 3547 Calicis,

768 3569 1128 3631 concedendi
1175 3580 1498 3651 utramque
1542 3571 1820 3652 speciem:
1871 3568 1999 3644 Quo
2041 3571 2191 3648 sacto
2210 3617 2224 3639 ‚
2272 3570 2325 3627 si

762 3667 1234 3744 perseveraverint
1268 3666 1505 3727 Bohemi
1527 3669 1588 3726 in
1626 3666 1895 3743 ejusmodi
1926 3662 2323 3725 Communica-

772 3760 942 3819 tionis
969 3759 1269 3830 desiderio,
1292 3762 1480 3839 idque.
1502 3764 1673 3822 missa
1714 3761 1990 3839 icqatione
2018 3761 2318 3837 petierint,

769 3868 926 3912 sacer
954 3850 1268 3913 Conventus
1303 3853 1599 3913 Bohemiae
1627 3900 1642 3923 ‚
1689 3874 1755 3914 ac
1788 3851 2089 3914 Moraviae
2117 3851 2323 3912 Sacer-

770 3945 989 4006 dotibus
1027 3947 1478 4006 communicandi
1503 3948 1605 4006 sub
1647 3958 1887 4025 utraque
1927 3947 2099 4024 specie
2130 3965 2323 4024 perso-

771 4060 876 4101 nas
902 4042 1011 4100 sibi
1047 4041 1318 4117 subjectas
1348 4051 1399 4100 ct
1434 4043 1497 4098 in
1536 4042 1704 4100 annis
1733 4041 2079 4099 discretionis
2117 4042 2324 4099 consti·-

777 4145 952 4205 tutas,
986 4145 1036 4195 ct
1064 4155 1205 4213 quae
1233 4135 1294 4193 id
1325 4145 1633 4195 reverenter
1654 4136 2064 4215 postulaverint
2095 4134 2324 4194 liberta-

779 4230 1269 4308 tone-impertietur
1295 4275 1311 4298 ,
1345 4247 1412 4288 ca
1439 4230 1752 4287 conditione
1778 4228 1998 4305 adjecta
2024 4275 2040 4298 ‚
2072 4236 2135 4286 ut
2174 4228 2328 4288 inter

777 4323 1299 4382 communicandum
1342 4323 1549 4402 plebem
1586 4324 1809 4402 publice
1846 4323 2167 4390 instruant,
2214 4339 2329 4380 non

777 4417 1076 4495 sub‘specic
1097 4419 1266 4496 panis
1295 4414 1540 4477 Carnem
1564 4414 1785 4477 Christi
1812 4426 2035 4476 tantum
2063 4462 2079 4485 ,
2110 4415 2204 4475 sed
2227 4416 2331 4474 sub

776 4511 1023 4588 qualibet
1050 4513 1220 4589 specie
1248 4522 1425 4571 totum
1453 4521 1503 4570 et
1538 4512 1821 4589 integrum
1847 4510 2124 4569 contineri
2155 4506 2330 4569 Chri-

778 4602 949 4662 stum.
983 4601 1142 4662 Illud
1173 4622 1407 4684 semper
1441 4604 1759 4685 providere
1786 4602 1980 4665 voluit
2018 4601 2282 4664 Ecclesia
2308 4647 2325 4677 ,

783 4702 849 4755 ut
883 4713 1061 4755 omne
1102 4706 1482 4759 amoveretur
1527 4695 1860 4778 periculum
1902 4694 2334 4771 irreverentiae

782 4806 925 4868 erga
970 4788 1406 4852 sanctissimum
1451 4793 1592 4853 Jesu
1635 4791 1856 4853 Christi
1909 4790 2328 4871 Sanguinem3

782 4882 888 4942 sed
914 4883 1317 4946 concessiones
1348 4888 1641 4949 omnes-et
1682 4885 2151 4966 dispensationes
2190 4902 2332 4944 cum

782 4993 854 5037 eo
882 4983 1254 5054 spectarent,
1287 4988 1354 5040 ut
1382 4980 1654 5041 nationes
1683 4980 1892 5042 deviae
1918 4979 1995 5039 ad
2037 4976 2331 5037 unitatem

782 5067 1150 5131 Catholicam
1171 5083 1615 5147 revocarentur,
1638 5082 1743 5136 aut
1767 5071 2115 5135 executione
2130 5089 2333 5133 carue*-

784 5171 962 5236 runt,
992 5172 1098 5224 aut
1123 5183 1194 5225 eo
1214 5159 1327 5245 'qui
1354 5168 1675 5248 optabatur
1700 5167 1934 5229 effectu:
1981 5163 2330 5228 luquentis-

784 5255 936 5331 sime
988 5257 1150 5319 enim
1197 5259 1434 5340 semper
1482 5262 1718 5340 patuit,
1761 5282 1862 5324 eas
1910 5262 2183 5323 nationes
2235 5256 2331 5319 vel

788 5348 1005 5412 Calicis
1036 5352 1420 5439 interdictum
1453 5374 1632 5417 verae
1660 5355 2081 5435 'praetexuisse
2120 5369 2336 5415 causae

2432 743 2738 806 Christum
2766 746 2882 806 sub
2918 745 3210 807 aloerutra
3252 745 3478 825 specie,
3515 753 3628 807 aut
3669 747 3746 808 ad
3788 758 3983 811 aeter·

2433 857 2575 899 nam
2600 837 2856 901 salutem
2884 857 3005 899 non
3029 839 3178 900 satis
3195 855 3322 899 esse
3343 838 3839 903 communionem
3866 844 3994 905 sub

2429 931 2557 993 sola
2582 932 2777 1012 specie
2804 932 2999 1012 panis.
3029 933 3341 1015 synodum
3368 931 3586 995 habuit
3611 954 3755 996 ann.
3799 939 3983 998 1⁴2ss

2429 1025 2758 1106 Episcopus
2784 1025 3101 1108 Pragensis
3115 1072 3132 1099 ,
3163 1045 3286 1108 qua
3313 1027 3522 1089 volens
3550 1026 3846 1094 tumultus
3888 1051 3986 1093 se·-

2431 1119 2577 1181 dare
2596 1165 2613 1192 ,
2657 1120 2985 1201 caedesque
3030 1139 3436 1201 compescere,
3476 1141 3629 1202 quas
3675 1133 3986 1205 perpetra-

2432 1214 2577 1281 bant
2607 1215 2888 1277 Hussitae
2910 1260 2927 1287 ,
2964 1223 3033 1276 ut
3074 1215 3293 1277 vetitus
3318 1216 3435 1277 sibi
3472 1236 3510 1278 a
3543 1216 3982 1280 Constantiensi

2430 1307 2696 1370 Concilio
2721 1328 2867 1370 usus
2891 1309 3106 1371 Calicis
3134 1310 3507 1385 redderetur,
3543 1312 3847 1391 permisit,
3880 1329 3985 1376 eos

2428 1404 2543 1463 sub
2587 1411 2847 1483 utraque
2889 1403 3083 1483 specie
3129 1404 3585 1466 Sacramentum
3630 1399 3982 1487 percipere.

2428 1495 2932 1576 Scripsit-Gerson
2979 1517 3088 1577 pro
3115 1498 3357 1580 Synodo
3398 1500 3478 1561 ab
3521 1500 3986 1582 Archiepiscopo

2427 1589 2659 1662 habita,
2706 1592 2810 1652 sed
2852 1592 3155 1674 Synodale
3198 1593 3514 1654 Decretum
3558 1594 3858 1656 Martinus
3897 1595 3976 1657 V.

2428 1685 2805 1764 reprobavit,
2830 1694 2900 1746 ut
2934 1686 3138 1748 videre
3163 1694 3250 1748 est
3284 1687 3446 1767 apud
3474 1688 3857 1769 Raynaldum
3899 1690 3978 1751 ad

2427 1797 2571 1839 ann.
2604 1779 2748 1841 Chr.
2791 1783 2965 1841 1426.
2997 1779 3172 1861 Apud
3204 1781 3534 1842 Henricum
3585 1773 3980 1856 CaltisenNi·

2428 1871 2580 1934 triae
2605 1880 2667 1934 et
2686 1872 3009 1936 Caesareae
3028 1875 3555 1956 Anchiepiscopum
3578 1877 3642 1937 in
3662 1877 3859 1958 Opere
3877 1879 3983 1940 ad-

2431 1966 2982 2044 versuslBohemos,
3013 1969 3185 2049 cujus
3218 1975 3448 2030 textum
3478 1969 3664 2031 refert
3683 1971 3981 2053 Georgius

2429 2058 2757 2121 Cassander
2783 2059 2845 2120 ib
2889 2060 3164 2142 Liturgia
3204 2082 3335 2142 cap.
3376 2069 3473 2124 3¹.
3509 2083 3656 2146 pag.
3679 2071 3778 2125 78.
3826 2065 3977 2147 leg-i-

2430 2171 2563 2212 mus
2587 2152 2686 2214 die
2717 2153 3020 2215 Paschatis
3040 2175 3179 2217 cum
3202 2157 3504 2218 Martinus
3526 2158 3602 2219 V.
3624 2160 3802 2241 juxta
3831 2159 3980 2221 alio-

2428 2265 2562 2306 rum
2585 2246 2941 2309 Pontificum
2964 2251 3454 2332 consuetudinem
3479 2251 3647 2314 laicis
3672 2255 3787 2314 sub
3811 2262 3977 2317 utra-

2426 2359 2546 2419 que
2575 2340 2770 2420 specie
2801 2344 3114 2422 praeberet
3142 2334 3605 2420 Eucharistiam,
3641 2347 3976 2411 Bohemum

2426 2434 2750 2514 quemdam
2772 2437 3036 2499 medicae
3064 2438 3214 2501 artis
3236 2439 3630 2519 professorem
3658 2443 3871 2504 ceteris
3887 2463 3976 2505 se-

2427 2544 2489 2588 se
2516 2526 2935 2604 immiscuisse,
2967 2540 3150 2611 atque
3180 2534 3296 2594 sub
3327 2542 3597 2614 ‘utraque
3639 2537 3833 2616 specie
3873 2557 3976 2612 ac-

2422 2631 2591 2700 cepta
2622 2621 2997 2685 Eucharistia
3018 2626 3456 2706 jactabundum
3484 2628 3625 2690 inde
3642 2630 3880 2711 abjisse,
3905 2651 3980 2694 ac

2426 2712 2785 2794 gloriantem
2823 2717 2939 2778 sibi
2966 2719 3043 2780 ad
3073 2738 3214 2781 eum
3245 2719 3493 2783 modum
3519 2742 3557 2785 a
3596 2724 3762 2803 Papa-
3787 2725 3977 2787 tradi-

2428 2814 2549 2867 tam
2574 2828 2700 2870 esse
2725 2811 3198 2886 Eucharistiam3
3228 2824 3506 2895 caeptum
3533 2816 3806 2879 Viennae
3825 2864 3843 2891 ‚
3872 2838 3976 2881 ca-

2424 2900 2548 2980 pite
2595 2904 2947 2966 damnatum
3004 2907 3067 2968 in
3116 2908 3343 2970 flumen
3395 2909 3578 2972 fuisse
3629 2912 3924 2994 dejectum
3951 2933 3972 2975 ε

2430 2994 2596 3070 Quod
2627 3002 2937 3079 percipiens
2987 3000 3155 3082 Papa
3183 3003 3503 3065 ‘Martinus
3547 3008 3626 3066 sic
3669 3009 3780 3067 sibi
3831 3010 3975 3069 ‘illu-

2423 3110 2547 3150 sum
2571 3138 2588 3162 ,
2624 3111 2700 3153 ecc
2744 3104 2875 3155 tunc
2924 3097 3214 3157 subtraxit
3256 3095 3468 3160 Calicis
3520 3097 3978 3164 Coimnunionem

2427 3185 2619 3248 Laicis
2642 3236 2658 3259 ,
2689 3209 2786 3250 nec
2817 3210 3072 3268 unquam
3097 3192 3345 3271 aliquem
3373 3197 3832 3267 communicavit,
3862 3201 3978 3259 nisi

2425 3284 2528 3342 sub
2552 3286 2741 3362 specie·
2753 3286 2923 3363 panis
2953 3296 3206 3357 tantum,
3236 3288 3300 3347 in
3330 3287 3742 3350 detestationem
3785 3292 3976 3352 haerc-

2425 3377 2502 3436 sis
2530 3375 2901 3437 Bohemorum
2928 3425 2944 3448 ‚
2975 3389 3026 3438 et
3073 3380 3256 3457 factae
3284 3382 3394 3440 sibi
3435 3382 3740 3442 illusionis.
3777 3383 3979 3466 Hujus

2426 3489 2607 3550 porro
2655 3472 3019 3534 narrationis
3061 3493 3180 3534 uon
3227 3474 3402 3537 facile
3438 3484 3528 3538 est
3559 3478 3716 3538 tueri
3751 3479 3976 3541 verita-

2433 3570 2582 3636 tem;
2614 3572 2743 3625 tum
2774 3565 2920 3646 quia
2950 3568 3173 3629 Auctor
3220 3569 3284 3630 id
3335 3570 3522 3632 refert
3569 3580 3857 3653 tanquam
3901 3574 3980 3637 de

2429 3657 2638 3718 auditu
2657 3703 2674 3730 ‚
2719 3666 2847 3720 tum
2880 3661 3044 3740 quod
3076 3682 3376 3742 nusquam
3425 3664 3730 3745 proditum
3760 3667 3980 3730 litteris

2431 3749 2763 3832 reperimus
2781 3799 2799 3827 ‚
2853 3756 3153 3818 Romanos
3199 3758 3516 3822 Pontifices
3567 3768 3696 3822 tum
3749 3770 3978 3843 tempo-

2430 3844 2515 3905 ris
2568 3846 3065 3911 Communionem
3122 3850 3318 3913 Laicis
3360 3854 3476 3915 sub
3526 3862 3786 3935 utraque
3843 3874 3979 3937 spe·

2429 3937 2520 4000 cie
2554 3941 2839 4020 praebere
2866 3946 3259 4007 consuevisse.
3294 3947 3571 4010 Bohemis
3609 3957 3669 4011 et
3714 3951 3982 4013 Moravis

2432 4031 2698 4114 impense
2747 4036 3189 4115 postulantibus
3247 4041 3583 4103 Basileense
3634 4042 3975 4107 Concilium

2434 4128 2718 4190 concessit
2764 4130 2980 4193 Calicis
3025 4152 3235 4206 usum,
3267 4135 3593 4197 dummodo
3635 4137 3701 4198 in
3729 4139 3982 4219 reliquis

2434 4220 2716 4283 omnibus
2763 4242 2890 4293 sese
2933 4226 3231 4288 Ecclesiae
3284 4229 3590 4291 Romanae
3637 4231 3981 4296 conforma-

2438 4322 2603 4387 rent,
2634 4324 2696 4377 et.
2721 4317 3034 4380 crederent
3065 4327 3259 4381 totum
3284 4329 3344 4383 et
3371 4322 3672 4404 integrum
3710 4336 3833 4386 tam
3865 4327 3982 4387 sub

2435 4409 2629 4488 specie
2654 4410 2857 4490 panis,
2894 4431 3078 4492 quam
3112 4416 3226 4476 sub
3258 4416 3453 4496 specie
3499 4418 3627 4479 vini
3674 4419 3980 4481 Christum

2437 4502 2730 4564 contineri
2750 4525 2782 4577 ;-
2800 4505 2901 4566 sed
2924 4525 3061 4567 cum
3086 4506 3227 4569 inde
3246 4508 3450 4589 plures
3471 4510 3587 4572 orti
3614 4519 3810 4573 essent
3834 4513 3985 4573 abu-

2437 4616 2538 4659 sus
2559 4643 2576 4673 ,
2627 4599 3065 4662 concessionem
3096 4601 3439 4683 hujusmodi
3475 4625 3754 4667 revocare
3800 4625 3984 4685 opor-

2439 4693 2590 4766 tuit,
2624 4701 2693 4755 ut
2718 4703 2947 4756 constat
2971 4715 3047 4757 ex
3080 4695 3360 4776 Epistola·
3379 4699 3620 4782 Georgii
3653 4694 3985 4782 Bogiebrae

2439 4789 2617 4869 Regis
2643 4790 2966 4852 Bohemiae
2987 4836 3004 4865 ,
3054 4810 3212 4872 quae
3240 4801 3405 4855 extat
3448 4801 3592 4854 tom.
3640 4800 3699 4855 4.
3733 4795 3984 4875 Spicile-

2438 4879 2519 4960 gii
2552 4901 2687 4962 pag.
2723 4886 2859 4943 403,
2918 4883 3143 4945 Paulus
3166 4885 3276 4945 111.
3316 4893 3379 4945 et
3400 4886 3599 4948 Julius
3621 4889 3733 4949 111.
3765 4888 3890 4949 suis
3918 4888 3983 4950 in

2438 4974 2760 5037 Germania
2790 4977 3037 5038 Nunciis
3061 4978 3405 5042 facultatem
3439 4981 3735 5043 dederunt
3773 5002 3986 5044 conce-

2440 5067 2619 5129 dendi
2670 5090 2845 5131 usum
2892 5070 3148 5146 Calicis,
3205 5093 3326 5154 qua
3357 5075 3680 5137 tamen‘uti
3734 5076 3989 5151 minime

2439 5174 2845 5242 opportunum
2865 5164 2953 5225 illi
2978 5167 3419 5230 existimarunt.
3456 5170 3666 5231 Plures
3685 5171 3989 5232 Tridenti-

2442 5275 2555 5319 nae
2582 5257 2806 5340 Synodi
2840 5260 3211 5339 temporibus
3250 5262 3364 5324 sibi
3396 5273 3853 5344 persuaserant,
3888 5285 3992 5327 eos

2440 5350 2546 5429 qui
2582 5352 2661 5412 ab
2687 5351 2947 5414 Ecclesia
2981 5355 3250 5416 Romana
3276 5355 3690 5431 desciverant,
3735 5359 3813 5420 ad
3848 5358 3987 5420 unia

787 5442 1123 5508 schismatis
1146 5493 1165 5524 ,
1201 5438 1295 5511 vel
1328 5468 1503 5511 usum
1530 5447 1746 5511 Calicis
1774 5447 2100 5531 postulasse
2122 5493 2139 5521 ,
2168 5443 2334 5528 quod
2445 5452 2625 5507 tatem
2670 5446 2968 5510 redituros
2991 5493 3008 5523 ,
3061 5447 3112 5510 si
3140 5448 3213 5510 iis
3248 5469 3557 5519 concessus
3605 5451 3813 5517 fuisset
3844 5472 3987 5515 usus
