4487 6316
1048 514 1155 563 476

1375 670 1565 722 LIBER
1605 669 1904 721 TERTIUS

914 845 974 898 ln
1003 864 1112 916 quo
1142 846 1269 898 rarii
1300 855 1679 915 proponuntur
1707 855 1757 897 et
1788 844 2125 897 resolvuntur
2154 844 2372 912 practici

1186 951 1335 987 casus
1362 936 1500 987 circa
1528 934 1856 988 Sacrificium
1885 934 2099 987 Missae.

865 1110 1007 1167 CAP.
1037 1113 1086 1165 1.
1114 1114 1299 1165 Utrum
1319 1115 1471 1165 Jesus
1497 1111 1741 1164 Christus
1764 1109 2035 1178 Apostolis
2063 1117 2115 1161 et
2140 1111 2228 1159 Sa·

1081 1199 1754 1268 cerdotibuspraeceptnm
1797 1197 2118 1267 imposuerit
2147 1214 2228 1249 ce·

1076 1286 1318 1341 lebrandi
1347 1291 1586 1340 Missam.
1614 1290 1803 1340 Utrum
1844 1286 1946 1340 hoc
1987 1293 2224 1337 teneatur

1078 1385 1360 1444 praecepto
1383 1376 1661 1439 Sacerdos,
1684 1378 1775 1444 qui
1808 1391 1918 1426 non
1951 1373 2110 1426 habet
2138 1390 2227 1423 cu·

1075 1481 1185 1514 ram
1216 1467 1543 1528 animarum,
1573 1482 1668 1516 nec
1708 1480 2026 1532 quemquam
2059 1462 2221 1512 alium

1076 1553 1421 1621 praecipuum
1447 1551 1680 1615 titulum,
1704 1571 1812 1620 quo
1842 1559 2079 1603 teneatur
2097 1550 2225 1604 Mis·

1073 1656 1184 1694 sam
1239 1642 1505 1696 celebrare
1526 1678 1538 1691 .
1593 1639 1799 1707 Quibus
1853 1641 1974 1690 anni
2032 1639 2222 1690 diebus

1073 1728 1344 1798 obligetur
1370 1729 1433 1782 ad
1460 1728 1786 1784 Sacrificium
1816 1726 2215 1784 celebs-auduini

1072 1824 1124 1867 et
1150 1834 1235 1880 an,
1264 1816 1307 1867 si
1341 1816 1574 1885 legitime
1604 1833 1710 1865 non
1743 1814 2091 1882 impediatur,
2108 1833 2221 1883 gra·

1070 1903 1204 1957 viter
1230 1912 1414 1972 peccet
1438 1920 1728 1972 numquam
1759 1903 2100 1958 celebrando.
2129 1938 2142 1954 .
2186 1923 2214 1950 a
2297 1902 2401 1956 148

919 1989 974 2046 Β.
1002 1992 1186 2043 Utrum
1213 1993 1619 2045 convenientius
1659 1992 1756 2056 sit,
1786 2001 1837 2043 et
1875 1991 1936 2041 ad
1982 2000 2213 2042 mentem

1064 2080 1329 2132 Ecclesiae
1374 2081 1599 2149 propius
1650 2080 1861 2132 accedat
1908 2080 2174 2132 celebrare
2193 2119 2211 2144 ‚

1062 2182 1127 2216 an
1167 2183 1278 2218 non
1320 2167 1586 2221 celebrare
1624 2167 1901 2237 quotidie;
1943 2166 2210 2219 celebrare

1063 2254 1386 2324 frequenter,
1416 2275 1473 2308 ac
1504 2257 1679 2308 minus
1708 2259 2029 2325 frequenter.
2072 2293 2086 2307 .
2128 2291 2139 2304 .
2185 2278 2210 2302 »a

914 2340 966 2394 3.
998 2341 1327 2409 Quibusnam
1361 2355 1598 2400 tenentur
1624 2345 1815 2400 diebus
1835 2345 2099 2400 celebrare
2117 2345 2211 2398 Pa·

1061 2430 1284 2483 rochns:
1325 2432 1533 2501 Quibus
1567 2434 1753 2487 itidem
1795 2433 1985 2486 diebus
2025 2435 2077 2484 in
2112 2434 2209 2486 Ca·-

2293 2258 2389 2309 151

1058 2517 1386 2571 thedralibns
1405 2530 1454 2572 et
1476 2521 1786 2588 Collegium
1806 2521 2056 2572 Ecclesiis
2079 2521 2205 2573 Mis-

1054 2623 1110 2658 sa
1137 2609 1390 2660 cantanda
1419 2610 1505 2660 sit.
1536 2609 1763 2677 Quando
1794 2609 2058 2661 celebrare
2077 2611 2203 2660 Mis·

1057 2712 1169 2745 sam
1227 2704 1503 2748 teneantur
1552 2698 1645 2766 qui
1696 2697 2018 2749 Beneficium
2052 2734 2066 2759 ,
2122 2697 2201 2748 vel

1055 2783 1416 2852 capellaniam
1444 2781 1643 2836 habent
1672 2800 1790 2833 cum
1821 2799 1982 2835 unere
2011 2782 2204 2835 Missae

1051 2868 1421 2937 quotidianae.
1477 2867 1684 2936 Quibus
1738 2869 1930 2934 diebus
1982 2870 2197 2921 Missam

1057 2956 1326 3010 celebrare
1350 2973 1461 3010 non
1491 2957 1647 3009 liceat
1670 2994 2129 3010 .........
2174 2980 2199 3004 a

907 3042 958 3093 4.
987 3040 1064 3094 An
1092 3045 1264 3122 juxta,
1293 3062 1428 3114 quae
1457 3061 1603 3097 nunc
1627 3045 1792 3115 viget,
1822 3046 2194 3115 disciplinam,

1053 3132 1228 3201 possit
1265 3134 1445 3201 plures
1491 3134 1547 3184 in
1591 3134 1774 3187 eadem
1814 3133 1902 3191 die
1942 3135 2199 3189 Sacerdos

1046 3224 1236 3273 Missas
1264 3220 1535 3274 celebrare
1551 3259 1793 3275 .....
1822 3208 1841 3217 ”
1837 3260 2129 3277 ......
2172 3244 2199 3273 ιο

903 3308 955 3360 ll.
982 3310 1251 3362 Parochus
1290 3311 1448 3363 etiam
1489 3327 1632 3363 nunc
1671 3310 1801 3362 duas
1838 3312 2029 3364 Missas
2066 3313 2198 3364 cele·

1041 3395 1199 3451 brare
1244 3396 1532 3467 aliquando
1573 3407 1788 3467 potest;
1836 3400 1895 3454 ln
1934 3398 2196 3450 Orientali

1042 3501 1169 3537 vero
1206 3486 1441 3537 Ecclesia
1488 3485 1621 3540 duae
1659 3487 1853 3540 Missae
1900 3486 1956 3536 in
2001 3486 2194 3539 eodem

1041 3573 1202 3624 Altari
1235 3589 1344 3623 non
1367 3572 1781 3631 ,celebrabantur
1787 3610 2123 3627 .......
2166 3596 2194 3620 a

897 3661 952 3713 6.
981 3662 1057 3714 De
1095 3662 1349 3713 Oratorio
1404 3664 1649 3731 privato,
1696 3672 1849 3732 atque
1901 3679 1964 3712 an
2020 3663 2196 3730 possit

1043 3750 1391 3817 contingere,
1431 3758 1487 3799 ut
1527 3748 1785 3800 Sacerdos
1829 3758 1973 3800 extra
2014 3750 2195 3801 Eccle-

1024 3835 1172 3907 Asias,
1212 3845 1264 3887 et
1302 3835 1548 3904 publica,
1587 3837 1667 3889 vel
1709 3836 1909 3904 privata
1947 3837 2194 3888 Oratoria

1041 3923 1195 3975 liceat
1222 3924 1544 3976 sacrificium
1574 3925 1741 3975 facere
1770 3959 2119 3976 .......
2161 3944 2187 3969 a

886 4011 939 4064 7.
973 4008 1046 4060 An
1076 4010 1344 4062 celebrare
1374 4012 1524 4064 liceat
1554 4011 1669 4062 sine
1694 4012 1928 4073 Planeta,
1959 4012 2074 4062 sine
2103 4011 2190 4061 Sa·

1038 4098 1144 4160 cris
1182 4099 1545 4163 indumentis,
1585 4100 1700 4149 sine
1740 4098 2066 4161 luminibus,
2103 4108 2191 4148 aut

1038 4185 1324 4251 Ministro,
1365 4202 1427 4238 an
1470 4185 1701 4255 denique
1742 4186 1793 4235 in
1837 4187 2059 4254 pollutis
2097 4186 2192 4236 Ec·

1038 4275 1239 4335 clesiis;
1269 4266 1449 4344 etqua
1479 4273 1611 4325 hora
1631 4274 1846 4326 Missam
1878 4274 2028 4326 liceat
2058 4274 2192 4324 cele·

1041 4362 1671 4433 lirare.........
1715 4397 2116 4413 ........
2161 4382 2186 4404 ¹·

886 4451 938 4500 8.
967 4450 1043 4511 De
1093 4452 1291 4503 fructus
1339 4450 1503 4507 medii
1551 4449 1912 4520 applicatione
1956 4465 2018 4500 ex
2065 4447 2185 4517 ipso

1034 4554 1271 4609 munere.
1312 4570 1329 4599 ⁴
1371 4572 2112 4591 ..............
2157 4555 2183 4580 »

885 4627 936 4677 ⁹.
970 4626 1050 4677 De
1090 4627 1422 4696 obligatione
1447 4623 1753 4694 applicandi
1794 4643 1853 4676 ex
1879 4622 2147 4676 Beneficio
2169 4661 2184 4686 ,

1032 4717 1112 4769 vel
1159 4733 1222 4767 ex
1271 4700 1553 4785 praecepto
1601 4712 1948 4784 Superioris,
1994 4713 2077 4765 vel
2121 4728 2182 4763 ex

1034 4813 1245 4871 accepta
1271 4806 1606 4871 eleemosyna
1647 4841 1661 4855 .
1704 4840 1716 4855 .
1762 4808 1775 4854 .“
1818 4838 2109 4854 ......
2155 4823 2180 4849 ιο

850 4892 931 4954 10.
965 4889 1107 4957 Quid
1151 4890 1480 4959 requiratur,
1526 4899 1582 4942 ut
1633 4889 1808 4941 valide
1848 4888 2176 4940 Sacrificium

1030 4970 2179 5030 fiat...................'»

848 5061 1106 5130 21.Quid
1152 5062 1489 5132 requiratur,
1538 5072 1589 5116 ut
1642 5065 1786 5115 licite
1838 5063 1923 5118 fiat
1973 5063 2179 5115 Sacrifi-

1030 5151 1207 5211 cinm;
1246 5169 1303 5202 ac
1351 5151 1530 5221 primo
1560 5161 1811 5218 oportere
1841 5150 2178 5203 Sacerdotem

2281 2960 2387 3011 156

2279 3225 2382 3278 169

2276 3574 2377 3627 162

2272 3925 2376 3976 166

2270 4361 2373 4417 170

2268 4534 2369 4586 173

2265 4802 2366 4852 174

2263 4976 2367 5029 178

1020 5258 1134 5297 esse
1189 5238 1253 5289 ab
1296 5240 1442 5289 oanni
1499 5238 1677 5293 lethali
1733 5250 1948 5306 peccato
2001 5241 2173 5311 expia·

2263 5329 2361 5389 184
2410 5320 2417 5400 i

1024 5338 1130 5387 tuin
1143 5364 2105 5385 ..................
2153 5352 2177 5375 υ

2255 514 2614 565 ΙΝΙ)ΕΧ

2559 671 2640 738 18.
2673 675 2745 725 De
2783 677 2995 745 Jejunio
3039 682 3261 734 naturali
3312 680 3374 731 ad
3424 685 3566 738 licite
3618 688 3885 744 celebran-

2738 762 2863 814 dnm

3968 787 4071 838 188

2905 803 3816 831 ·················

2557 851 2621 900 13
2669 853 2746 904 De
2776 854 3026 924 reliquis,
3054 875 3190 926 quae
3226 875 3433 913 servare
3462 873 3706 931 oportet,
3740 877 3796 919 ut
3824 870 3888 922 li..

2735 943 2840 996 cite
2860 945 3023 996 Missa
3052 945 3349 1002 celebretur
3355 987 3811 1006 .........
3855 979 3883 1004 a
3966 963 4067 1014 191

2555 1031 2635 1081 14.
2667 1033 2743 1083 De
2773 1029 3068 1086 defectibus
3095 1035 3449 1103 quibusdam,
3477 1040 3569 1109 qui
3610 1040 3882 1096 interdum
4051 1035 4054 1036 ⁷

2734 1130 3021 1172 occurrunt
3069 1126 3119 1172 in
3170 1122 3526 1178 celebratione
3565 1128 3793 1197 Missae,
3833 1144 3886 1187 et

2736 1210 2989 1261 remediis
3015 1229 3149 1278 qnae
3176 1212 3416 1265 adhiberi
3448 1214 3663 1269 debent:
3692 1238 3750 1271 ac
3779 1224 3886 1290 pri-

2733 1314 2822 1348 mo
2851 1298 2917 1351 de
2944 1297 3155 1358 casibus
3193 1301 3388 1369 quibus
3418 1304 3579 1356 Missa
3619 1306 3884 1363 intermit-

2728 1387 2858 1438 titur
2897 1423 3802 1450 .................
3846 1421 3874 1446 s»
3955 1406 4058 1457 ¹08

2549 1474 2634 1525 15.
2661 1474 2738 1525 De
2766 1472 3082 1541 defectibus,
3113 1477 3204 1544 qui
3236 1488 3463 1546 possunt
3489 1499 3769 1537 occurrere
3797 1491 3879 1542 vel

2724 1562 2783 1616 in
2827 1581 2996 1632 pane,
3029 1566 3112 1616 vel
3162 1566 3216 1616 in
3267 1567 3425 1630 vino,
3467 1570 3546 1621 vel
3593 1571 3647 1622 in
3703 1573 3876 1628 forma

2729 1654 3151 1708 consecrationis
3183 1691 3803 1714 ............
3847 1687 3875 1711 a
3956 1670 4062 1720 1⁹8

2546 1741 2629 1790 16.
2661 1741 2736 1792 De
2763 1741 3230 1796 concelebratione
3268 1761 3387 1796 cum
3417 1746 3692 1817 Episcopo
3731 1753 3878 1806 nauli·

2722 1839 2881 1883 nante
2926 1831 3005 1888 rel
3049 1842 3422 1896 consecrante,
3467 1835 3558 1888 ubi
3603 1839 3764 1891 etiam
3806 1841 3874 1894 de

2719 1918 3084 1986 applicatione
3108 1921 3365 1974 Sacrificii
3400 1958 3796 1980 ........
3845 1952 3871 1977 a
3947 1933 4060 1987 204

2540 2005 2626 2056 17.
2657 2005 2831 2057 Series
2876 2005 3216 2075 quorundam
3263 2025 3476 2064 casuum
3500 2047 3516 2074 ,
3553 2014 3647 2079 qui
3696 2016 3874 2069 Sacer·

2719 2092 2833 2146 doti
2880 2103 3110 2161 possunt
3151 2112 3467 2161 occurrere,
3514 2117 3633 2150 cnm
3688 2106 3769 2155 vel
3815 2105 3870 2156 ia

2714 2181 2908 2244 Missa,
2946 2182 3031 2240 vel
3067 2192 3211 2236 extra
3238 2185 3460 2242 Missam
3485 2187 3869 2245 Eucti-tiniam

2716 2271 2962 2337 suscipit.
3001 2308 3795 2333 ...............
3840 2302 3869 2328 a
3942 2284 4055 2338 2⁰⁷

2533 2359 2615 2407 18.
2647 2358 2727 2410 De
2772 2358 3094 2423 Sacerdote„
3130 2361 3226 2428 qui
3278 2362 3334 2412 in
3383 2364 3548 2420 Missa
3599 2365 3867 2422 adstantes

2709 2447 3039 2516 Eucharistia
3065 2449 3426 2506 communicat
3440 2488 3680 2507 .....
3685 2483 3692 2490 ’
3717 2469 3736 2508 ’.
3776 2494 3790 2508 .
3834 2479 3862 2506 ιο
3929 2459 4044 2512 2ss

2529 2537 2614 2589 1⁹.
2645 2537 2725 2588 De
2770 2555 2865 2590 usu
2907 2538 3247 2594 ministrandi
3288 2539 3677 2595 Eucharistiae»
3716 2555 3863 2597 extra

2705 2626 2919 2678 Missam
2930 2661 3786 2683 ................
3830 2653 3858 2679 a
3933 2635 4046 2688 210

2521 2711 2610 2763 20.
2639 2710 2788 2777 Atia,
2838 2730 2973 2781 quae
3026 2713 3086 2768 in
3132 2728 3276 2766 sacra
3320 2714 3654 2772 Eucharistia
3702 2720 3863 2771 nini·

2702 2801 2916 2852 stranda
2944 2799 3213 2854 observari
3244 2800 3460 2858 debent·
3492 2842 3785 2861 ......
3827 2829 3855 2855 ιι
3930 2809 4043 2862 218

2520 2885 2607 2938 2¹.
2637 2889 2712 2941 De
2739 2889 3022 2941 Missas-um
3050 2890 3389 2958 eleemosyna
3437 2928 3452 2944 .
3495 2929 3514 2944 .,
3550 2929 3785 2946 .....
3828 2917 3856 2943 a
3932 2896 4036 2950 ²2¹

2519 2977 2609 3027 22.
2638 2977 2827 3030 Variae
2883 2977 3290 3047 perpenduntur
3319 3016 3333 3039 .
3397 2997 3456 3031 nc
3514 2982 3860 3036 resolvuntur

2701 3067 3043 3135 quaestiones
3070 3065 3208 3119 circa
3233 3067 3563 3135 stipendium
3594 3071 3805 3124 Missae.
3825 3093 3853 3120 a
3931 3072 4041 3125 227

2515 3155 2607 3207 23.
2637 3155 2712 3207 De
2739 3153 3113 3209 celebratione
3139 3155 3472 3223 quarumdam
3501 3157 3802 3212 Missarum.
3828 3181 3857 3207 a
3930 3162 4041 3215 236

2518 3244 2606 3298 24.
2637 3245 2712 3297 De
2736 3244 2966 3307 Pietate,
3011 3261 3070 3296 ac
3099 3245 3378 3311 Religioaa
3416 3247 3475 3297 in
3512 3246 3673 3299 Sacro
3719 3249 3853 3301 cele-

2697 3331 2907 3383 brando
2951 3333 3267 3385 necessariis
3293 3368 3308 3394 .
3352 3351 3414 3384 ao
3456 3332 3523 3386 de
3568 3343 3847 3403 tempore,

2698 3420 2846 3490 quod
2877 3421 2986 3472 illis
3019 3420 3266 3488 impendi
3293 3421 3454 3475 debet
3488 3458 3778 3474 ......
3820 3445 3848 3471 a
3922 3425 4034 3479 237

2966 3622 3375 3676 APPENDICES
3414 3623 3544 3678 m.

2621 3800 2705 3853 AD
2744 3800 2979 3852 LIBROS
3018 3800 3106 3851 DE
3145 3797 3632 3853 SACROSANCTO
3671 3802 3892 3855 Mtssf.

3065 3888 3450 3941 sacnti-'telo

2473 4097 2512 4150 A
2554 4100 2640 4149 SS.
2683 4098 2748 4147 1).
2790 4099 2854 4149 N.
2894 4095 3284 4148 BENEDICTO
3320 4093 3453 4147 XIV.
3492 4096 3548 4146 P.
3588 4095 3650 4147 Ο.
3686 4097 3757 4146 Μ.
3791 4098 4032 4148 conscri-

2571 4195 2722 4253 ptos,
2750 4202 2814 4236 ex
2842 4183 3097 4252 operibus
3135 4182 3374 4249 ejusdcm
3405 4183 3494 4234 SS.
3522 4181 3774 4234 Authoris
3816 4183 4031 4235 desum·

2582 4283 2731 4341 ptae,
2758 4290 2820 4324 ex
2858 4270 3055 4341 quibus
3082 4270 3240 4323 etiam
3270 4280 3500 4341 quatuor
3537 4271 3724 4321 ultima
3752 4272 3922 4339 capita
3963 4273 4028 4322 li-

2579 4360 2663 4411 bri
2696 4361 2836 4412 tertii
2884 4357 3108 4411 conflata
3157 4368 3307 4420 sunt,
3339 4358 3586 4409 videlicet
3611 4359 3783 4426 Caput
3825 4358 3914 4410 21.
3960 4377 4027 4412 ex

2580 4447 2799 4516 Synodo
2826 4447 3011 4498 Dioec.
3039 4446 3133 4497 lib.
3161 4447 3210 4497 ὅ.
3234 4447 3362 4514 Cap.
3393 4447 3465 4509 8.,
3490 4454 3542 4497 et
3562 4445 3690 4514 Cap.
3719 4448 3769 4496 9.
3801 4458 4025 4515 exceptu

2583 4535 2775 4586 ultimo
2818 4551 3061 4586 numero.
3090 4534 3219 4600 Cap.
3246 4528 3439 4584 22131
3478 4531 3711 4584 Instituit.
3751 4533 3836 4584 58.
3876 4550 4028 4584 exce·

2578 4625 2685 4692 ptis
2714 4640 2940 4674 numero
2964 4623 3016 4673 2.
3047 4622 3152 4675 line
3184 4622 3391 4674 numeri
3435 4620 3486 4671 4.
3527 4637 3676 4672 num.
3720 4622 3784 4691 10
3841 4629 3890 4671 et
3933 4620 4022 4672 12.

2577 4730 2742 4781 nsque
2771 4711 2832 4761 ad
2865 4713 2949 4761 18.
2977 4710 3254 4772 inclusive,
3282 4718 3328 4760 et
3359 4708 3598 4762 numeris
3623 4708 3711 4758 23.
3739 4709 3823 4756 ⁶2⁴.
3854 4716 3901 4757 et
3930 4707 4026 4759 2⁸.

2575 4795 2781 4849 Deinde
2809 4791 3017 4849 numeri
3057 4799 3138 4846 16.
3180 4805 3230 4846 et
3272 4796 3354 4846 11.
3383 4814 3446 4846 ex
3470 4795 3705 4847 Instituit.
3745 4796 3832 4844 92.
3872 4810 4024 4845 exce*-

2577 4885 2683 4954 ptis
2713 4885 2905 4955 primis
2936 4874 3108 4934 lineis.
3140 4885 3298 4938 Num.
3331 4885 3416 4934 12.
3443 4884 3529 4933 13.
3558 4892 3611 4934 et
3642 4884 3727 4932 14.
3755 4899 3817 4934 ex
3844 4882 4022 4933 instit.

2573 4975 2661 5025 36.
2691 4991 2838 5025 num.
2868 4976 2952 5026 1⁸5.
2981 4975 3068 5025 16.
3102 4975 3185 5024 17.
3219 4974 3301 5023 18.
3332 4974 3596 5025 Numerus
3626 4972 3710 5023 ts.
3750 4988 3811 5022 ex
3838 4970 4018 5022 tostii.

2574 5048 2670 5115 47.
2707 5080 2855 5117 uum.
2901 5062 2990 5117 23.
3034 5063 3269 5130 exceptis
3322 5061 3514 5129 primis
3543 5059 3753 5110 ’lineis:
3800 5056 4023 5110 demum

2575 5152 2804 5205 Litterae
2850 5152 3189 5220 Apostolicae
3242 5168 3302 5202 ex
3359 5150 3535 5216 primo
3578 5146 3796 5200 Bullarii
3847 5156 4021 5197 tomo.

2574 5241 2703 5308 Cap.
2730 5240 2819 5290 23.
2857 5257 2918 5290 ex
2947 5241 3180 5293 Institut.
3222 5239 3303 5289 34Δ
3348 5237 3393 5312 5.
3437 5239 3487 5288 5.
3512 5237 3682 5304 Caput
3716 5235 3803 5290 24.
3843 5250 3907 5289 ex
3934 5235 4024 5284 ln·

2574 5334 2740 5391 aulul.
2771 5329 2858 5381 34.
2889 5328 2932 5413 5
2969 5331 3018 5381 6.
3060 5329 3292 5396 exceptis
3335 5325 3537 5379 ultiniis
3566 5326 3582 5377 l
3613 5324 3727 5376 neis
3749 5361 3762 5387 ,
3790 5339 4022 5391 quarum
