4487 6316
934 563 1092 619 xxvt

1821 715 1945 790 ss,
2004 688 2481 800 'commus
2547 707 2981 788 Nos'ri-:R

1547 967 2422 1105 BENEchUs
2503 931 2854 1083 PA'PA
2938 967 3234 1089 xlv.

1062 1240 1178 1298 Fem
1186 1241 1289 1316 fert
1341 1246 1401 1301 in
1441 1255 1769 1366 Jrrpeltcoem
1810 1244 2175 1304 Serenissimo
2196 1243 2663 1365 ‘Portuqalliam
2715 1255 2765 1303 et
2811 1245 3239 1369 Αἰιανὸἱονιιηι.
3264 1244 3451 1333 Περὶ,
3502 1244 3725 1321 ejusque

1135 1477 1325 1519 mm
1355 1459 1567 1536 Reyum
1596 1464 1931 1539 pronoeriw.
1971 1463 2351 1540 eximiamque
2387 1465 2573 1522 zelum
2604 1464 2664 1519 in
2703 1461 2852 1522 Fide
2897 1461 3201 1524 Cathotiea
3234 1465 3498 1551 contiuuo
3539 1462 3732 1520 studio

1128 1569 1517 1645 propaqanda.

1315 1744 1812 1841 cAntsstmo
1865 1763 1956 1865 IN
2003 1761 2400 1824 Cltnts'ro
2446 1758 3088 1824 FtLt‘O'NOSTRO
3130 1762 3458 1824 JOANNJ

1449 1972 1926 2074 portugalliae
1945 2029 1964 2063 ,
2001 1990 2074 2046 et
2089 1942 2628 2075 ‘Algarbiorum
2650 1975 2825 2075 Regi
2844 1971 3323 2047 *Fidelissima

1641 2203 2429 2292 BENEmCTUs
2499 2204 2807 2292 ΡΑΡΑ
2881 2207 3139 2290 xlv,
3230 2260 3232 2262 -
3304 2218 3340 2231 ··
3435 2166 3438 2179 ²

1165 2485 1171 2506 ‚
1226 2428 1528 2517 Γιινίκὲιόηκ
1557 2437 1617 2492 in
1648 2433 1874 2494 Christo
1902 2434 2021 2496 Fili
2051 2435 2258 2506 Noster
2285 2433 2576 2505 Salutem,
2609 2446 2660 2494 et
2686 2435 3067 2516 Apostolicam
3095 2434 3560 2497 Benedictionem.
3607 2445 3635 2498 ᾗ

3800 2665 3811 2671 -
3845 2618 3877 2645 ο

3601 2674 3622 2711 ὗ

782 2713 1095 2831 Maxima
1113 2781 1193 2830 ,ac
1213 2771 1337 2826 tam
1362 2765 1669 2845 praeclara
1699 2749 2034 2828 Illustrium
2065 2769 2297 2850 Regum
2327 2768 2766 2854 portugalliae,
2791 2779 2852 2833 et
2880 2769 3305 2852 Algarbiorum
3336 2767 3660 2840 habentur,
3693 2775 3752 2828 et
3773 2762 3840 2834 re
3865 2762 3996 2846 ipsa

779 2865 962 2931 sunt,
992 2877 1135 2919 non
1145 2862 1266 2920 tam
1294 2859 1720 2923 invictissimae
1757 2861 1820 2921 in
1851 2862 2265 2936 debellandis,
2298 2863 2537 2947 sibique
2557 2861 2953 2948 subjiciendis
2973 2874 3061 2926 tot
3087 2866 3532 2935 barbararum,
3566 2861 3992 2922 remotissima-

778 2970 1040 3031 rumque
1058 2952 1381 3014 'nationum
1410 2950 1696 3034 populis,
1721 2957 2093 3032 Provinciis»,
2139 2966 2200 3018 et
2239 2960 2459 3040 Regnis
2490 2961 2787 3051 potentiae
2815 2961 3072 3033 decora,
3105 2979 3305 3040 quam
3303 2957 3688 3020 Christianae
3709 2954 3990 3035 pietatis,
4014 3010 4018 3014 .

685 3079 688 3082 ⁴
780 3052 963 3124 atque
992 3042 1406 3126 incredibili&
1437 3046 2004 3131 flagrantissimique
2030 3071 2141 3132 pro
2158 3052 2461 3116 Catholica
2491 3055 2684 3116 Fide
2668 3076 2731 3115 ιιι
2762 3056 3126 3117 vastissimas
3146 3055 3305 3127 illas,
3335 3072 3486 3132 quas
3505 3051 3618 3111 sub
3639 3064 3807 3110 suam
3840 3049 3996 3112 redi-

780 3137 1001 3219 gebant
1024 3146 1417 3219 potestatem,
1448 3142 1662 3204 statim
1690 3143 2066 3221 invehenda,
2111 3150 2619 3231 propagandaq-ue
2636 3158 2694 3212 et
2715 3151 3099 3228 necessariis,
3144 3146 3617 3230 opportunisque
3655 3143 3992 3310 irrentium

782 3232 1173 3312 pecuniarum
1192 3234 1633 3317 Sacmrumque
1653 3237 2070 3301 Ministrorum
2084 3241 2376 3301 subsidiis
2399 3244 2495 3304 soi
2499 3245 2678 3318 enda,
2715 3244 3247 3338 confirmandaque
3275 3264 3339 3301 ze
3324 3240 3423 3301 ·’1ἰ
3407 3239 3666 3321 insignia
3726 3256 3964 3298 acinora

781 3334 852 3387 ut
861 3328 1000 3406 jure
1019 3345 1089 3388 ac
1109 3328 1326 3388 merito
1350 3348 1472 3390 non
1491 3330 1685 3393 selum
1706 3330 1937 3415 ubique
1963 3335 2232 3428 gentium
2264 3336 2342 3396 ab
2366 3338 2649 3398 omnibus
2667 3330 3089 3407 commendati,
3134 3336 3232 3396 scd
3259 3355 3294 3395 a
3327 3332 3611 3395 Romanis
3634 3330 3985 3423 praesertim

785 3403 1173 3485 Pontificibus
1195 3423 1752 3496 Prafflecessorihus
1788 3428 2062 3502 Nostris,
2103 3430 2181 3490 ad
2211 3450 2365 3510 quos
2404 3450 2713 3528 supremas
2743 3419 2883 3490 Jesu
2914 3429 3133 3490 Christi
3165 3429 3339 3508 Regis
3364 3429 3635 3506 Regum,
3664 3432 3724 3484 et
3752 3418 3995 3505 Domini

784 3513 1236 3575 Dominantium
1277 3516 1457 3577 vices.
1463 3518 1527 3577 in
1532 3520 1724 3580 terris
1752 3529 2023 3600 gerentes
2059 3523 2484 3604 circumspecta
2515 3523 3030 3605 sugproxidentia
3060 3522 3327 3602 egregios
3352 3521 3511 3580 viros
3542 3519 3617 3578 de
3645 3518 3852 3578 eadem
3886 3507 3998 3579 Ca-

784 3605 1005 3682 tholica
1034 3606 1221 3680 Fide,
1252 3614 1312 3668 et
1341 3609 1676 3687 Aposmtiea
1706 3612 1818 3675 hac
1858 3614 2073 3677 Sancta
2100 3618 2252 3678 Sede
2281 3616 2899 3680 benemerentissimos
2938 3615 3347 3697 singularibus
3380 3612 3683 3682 laudibu5‚
3717 3631 3785 3671 ar.
3815 3629 3998 3691 pecu·

785 3699 1040 3761 liaribus
1069 3700 1369 3763 bonorum
1390 3702 1581 3763 titulis
1602 3703 1925 3779 decorare,
1957 3718 2017 3770 et
2045 3710 2386 3773 illustrare'
2369 3733 2434 3773 ιιι
2454 3714 2665 3812 primis
2691 3718 2953 3793 spectat,
2987 3709 3204 3771 debitis
3235 3705 3606 3789 Apostolicae
3627 3703 3993 3767 laudationis

762 3795 1116 3876 ⁴praeconiis
1135 3805 1194 3858 et
1218 3796 1458 3857 eximiis
1478 3797 1827 3860 pontificiae
1857 3800 2242 3881 benignitatis
2272 3791 2501 3885 gratiis,
2526 3805 2856 3877 favoribuS,
2906 3823 2975 3883 pi
2982 3802 3278 3883 ivilegiis‚
3311 3808 3370 3861 et
3402 3799 3652 3859 indultis
3672 3798 3987 3859 cumulati.

904 3878 1421 3963 Quemadmodum
1452 3881 1693 3966 autem,
1712 3894 2004 3987 Majestas
2042 3895 2214 3967 Tua,
2257 3913 2401 3973 prae
2429 3899 2681 3960 caeteris
2703 3895 3149 3983 portugalliae,
3181 3903 3240 3956 et
3270 3893 3697 3976 Algarbiorum
3728 3892 3993 3973 Regibus

785 3983 1341 4070 Praedecessoribus
1381 3986 1498 4046 tuis
1531 4006 1754 4067 magno
1795 3988 1876 4067 pii
1907 4033 1924 4061 ,
1975 3988 2247 4069 regiique
2286 3987 2474 4049 animi
2507 3987 2594 4047 tui
2625 3988 2875 4049 fervore
2898 3989 3268 4069 catholicam
3309 3988 3518 4065 Fidem
3560 4007 3680 4047 non
3714 3986 3939 4046 modo'
3923 4004 3989 4047 m

777 4077 1063 4139 omnibus
1089 4077 1388 4140 ditionum
1418 4088 1661 4142 tuarum
1686 4126 1702 4151 ‚
1736 4080 1838 4141 sed
1865 4080 1928 4140 in
1949 4079 2161 4142 alienis
2184 4100 2427 4159 quoque
2465 4079 2811 4161 regionibus
2836 4078 2914 4140 ab
2944 4078 3094 4138 inita
3115 4083 3457 4156 Regnorum
3489 4090 3731 4142 tuorum
3769 4087 3992 4160 posses-

780 4173 946 4235 sione
976 4187 1326 4253 promovere
1348 4220 1365 4248 ,
1409 4183 1470 4235 et
1508 4195 1721 4256 urgere
1745 4220 1761 4248 ,
1796 4195 2005 4235 verum
2045 4175 2226 4241 etiam
2262 4183 2346 4241 tot
2370 4173 2697 4257 sapientiae
2720 4220 2738 4247 ,
2789 4170 3123 4239 industriae
3146 4216 3162 4244 ,
3207 4169 3564 4250 pietatisque
3592 4173 3858 4234 consiliis
3877 4210 3897 4247 -,
3929 4180 3991 4237 et

783 4266 1086 4332 immensis
1113 4287 1298 4349 opum
1324 4265 1778 4349 profusionibus
1799 4269 1953 4338 tueri
1982 4314 1998 4342 ,
2030 4277 2090 4329 et
2111 4288 2465 4330 conservare
2482 4268 2847 4331 contendens
2873 4312 2890 4340 ,
2937 4265 3237 4326 maximus
3265 4262 3529 4324 emineas
3552 4305 3569 4334 ,
3606 4268 3666 4321 et
3684 4267 3991 4340 praedice-

782 4360 867 4422 ris
889 4406 907 4434 ,
952 4362 1034 4423 ita
1052 4363 1422 4443 Maiestatem
1443 4363 1634 4424 Tuam
1676 4363 2157 4423 praedecessores
2184 4361 2392 4423 itidem
2430 4360 2628 4422 Nostri
2655 4359 2907 4421 Romani
2951 4357 3265 4420 Pontifices
3286 4352 3388 4417 sel.
3411 4373 3533 4440 rec.
3569 4352 3841 4415 Clemens
3869 4356 3986 4418 XI.

782 4456 1165 4517 Innocentius
1203 4451 1377 4518 XIII.
1424 4455 1776 4517 Benedictus
1804 4456 2030 4536 pariter
2068 4449 2250 4518 xt11.‘
2288 4455 2570 4533 Clemens¹
2599 4455 2741 4515 XII.
2781 4474 2851 4516 ac
2889 4454 3009 4514 Nos
3038 4452 3151 4533 ipsi
3184 4445 3609 4513 laudatissimis
3637 4449 3990 4513 eorumdem

783 4544 1447 4633 vestigiis'hhaerentes
1473 4568 1594 4610 non
1618 4550 1928 4611 omisimus
1949 4550 2024 4611 iis
2052 4558 2338 4631 paternae
2357 4548 2808 4613 benevolentiae
2833 4595 2849 4623 ,
2881 4546 3373 4622 auctoritatisque
3404 4541 3756 4602 testimoniis
3782 4562 3993 4620 pmse-

780 4645 886 4725 qui
913 4691 930 4719 ,
966 4645 1190 4726 quibus
1216 4651 1427 4705 notum
1453 4643 1736 4704 omnibus
1777 4642 1949 4705 fieret
1972 4690 1989 4718 ,
2023 4643 2235 4725 quanti
2263 4646 2359 4705 Te
2382 4692 2398 4720 ‚
2429 4644 2840 4727 inclytamque
2878 4642 3193 4706 Nationem
3226 4638 3572 4698 Lusitanam
3602 4646 3763 4698 tuam
3809 4640 3987 4698 facia-

781 4758 916 4800 mus
938 4784 955 4813 ,
985 4744 1334 4819 quantoque
1359 4738 1424 4822 in
1456 4737 1684 4798 honore
1707 4784 1723 4812 ‚
1758 4758 1845 4800 ac·
1868 4739 2060 4818 pretio
2098 4739 2386 4801 habentes
2410 4739 2486 4801 ad
2508 4738 2824 4818 utriusque
2850 4736 3029 4799 decus
3054 4781 3071 4809 ,
3103 4734 3480 4796 commodum
3508 4780 3522 4805 ‚
3554 4741 3615 4793 et
3655 4734 3989 4793 incremen-

784 4840 913 4895 tum
940 4825 1355 4914 advigilemus
1384 4832 1570 4892 Porro
1590 4831 1754 4892 haud
1774 4832 1916 4893 satis
1937 4832 2092 4913 aptis
2113 4831 2315 4894 verbis
2335 4832 2636 4913 explicare
2660 4877 2677 4906 ,
2701 4830 2960 4911 Tibique
2979 4848 3045 4889 re
3069 4828 3194 4909 ipsa
3213 4827 3526 4887 contestari
3552 4847 3863 4907 possumus
3895 4827 3989 4885 in-

781 4924 1128 4986 credibilem
1150 4923 1382 5004 paterni
1406 4923 1593 4985 animi
1626 4925 1812 4985 nostri
1842 4924 2211 4987 alacritatem
2236 4971 2254 5000 ,
2295 4926 2743 5006 studiosamque
2762 4924 2840 4987 ad
2859 4921 3152 5005 Majestati
3174 4923 3338 4982 Tuae
3357 4921 3618 5000 amplius
3640 4919 3990 5001 gratifican-

782 5020 929 5102 dum
956 5018 1371 5090 voluntatem,
1356 5038 1371 5053 ·
1401 5018 1504 5079 sed
1522 5018 1658 5079 Tibi
1694 5038 2043 5098 persuasum
2064 5039 2190 5082 esse
2218 5019 2539 5094 volumus,
2574 5021 2732 5092 Nos,
2769 5017 2875 5098 qui
2897 5017 3267 5098 Majestatem
3286 5016 3477 5075 Tuam
3501 5012 3821 5093 praecipua
3841 5012 3987 5075 cha-

782 5095 959 5176 ritate
985 5110 1476 5192 complectimur,
1520 5119 1768 5191 paterna
1788 5112 2191 5176 sollicitudine
2226 5113 2423 5189 affici,
2454 5122 2524 5176 ut
2549 5112 2845 5194 insignem
2872 5108 3140 5190 aliquem
3179 5105 3426 5168 honoris
3446 5104 3759 5179 Titulum,
3790 5104 3899 5186 qui
3925 5112 3987 5169 et

783 5206 1077 5290 Majaetati
1099 5207 1264 5267 Tuae
1292 5204 1366 5266 de
1387 5205 1694 5268 Catholica
1722 5207 1870 5268 Fide
1891 5208 2264 5270 benemereti
2283 5206 2553 5290 pergenti
2575 5204 2652 5266 ad
2677 5204 2962 5285 majorem
2988 5199 3277 5284 gloriam,
3310 5206 3390 5260 et
3397 5196 3844 5259 Succoesoribus
3862 5197 3985 5259 tuis

781 5300 1226 5382 portugalliae,
1275 5306 1335 5361 et
1373 5299 1799 5382 Algarbiorum
1835 5291 2096 5383 Regibus
2134 5304 2211 5365 ad
2239 5299 2711 5365 luculentissima
2742 5296 3019 5379 pietatis,
3070 5302 3130 5358 et
3156 5293 3398 5356 virtutis
3434 5300 3572 5353 tuae
3607 5289 3986 5372 potissimum

779 5394 1055 5475 exempla
1081 5393 1466 5470 imitandum,
1497 5404 1558 5457 et
1597 5414 1707 5476 pro
1727 5396 2031 5459 catholica
2069 5396 2217 5461 Fide
2247 5397 2377 5478 pari
2421 5394 2541 5469 via,
2572 5413 2642 5456 ac
2664 5391 2896 5484 ratione
2915 5389 2992 5451 ad
3012 5387 3413 5450 laborandum
3441 5384 3690 5466 perenni
3712 5383 3988 5466 deinceps

780 5498 930 5550 esset
949 5487 1354 5550 inritamento·
