4487 6316
1011 531 1043 577 ⁶
1826 531 1915 585 nte:
1955 526 2441 591 sacnosANC'ro
2477 528 2701 583 MlSSAE
2738 525 3130 605 sAcntt-'tcto

815 692 950 735 eam
979 673 1096 734 sibi
1123 672 1417 736 visionem
1442 691 1569 737 esse
1592 673 1889 748 oblatam,
1920 682 1992 737 ut
2015 675 2093 737 ad
2118 674 2377 737 eundem
2428 701 2434 746 t
2491 678 2665 734 1725.
2698 691 2832 753 pag.
2862 679 2999 734 906.
3023 672 3410 752 Quamquam
3431 688 3578 737 vero
3593 670 3907 754 Origenes,
3939 672 4050 734 tti-

819 767 1017 831 locum
1038 768 1312 830 redeunti
1333 768 1463 831 visa
1490 777 1660 849 petra
1680 768 1813 830 oleo
1832 770 2118 850 peruncta
2145 769 2261 830 sibi
2282 791 2379 831 su·
2427 754 2433 857 ξ
2484 766 2692 828 nutius
2728 766 2899 827 Felix
2922 812 2938 839 ,
2972 766 3278 828 Arnobius
3298 812 3315 840 ,
3346 776 3405 828 et
3431 765 3776 828 Lactantius
3797 812 3814 840 ,
3842 768 4058 829 adver-

818 861 976 923 biret
1004 862 1294 925 memoria
1318 862 1587 924 visionis.
1619 864 1817 938 Quam
1858 865 2215 926 sententiam
2235 864 2378 946 jure
2427 864 2432 926 ξ
2483 881 2585 922 sus
2631 861 2851 922 Gentes
2876 907 2893 935 ,
2944 881 3103 942 quae
3150 861 3508 923 Christianis
3553 864 4047 953 exprobrabant,

815 955 1178 1039 Tournelius
1203 956 1329 1019 risu
1355 958 1588 1038 excepit
1627 966 1768 1020 tom.
1802 964 1860 1019 2.
1894 959 1969 1021 de
1995 959 2376 1022 Eucharistia
2485 954 2655 1017 nulla
2679 955 2753 1016 iis
2777 976 2904 1017 esse
2939 955 3170 1018 Altaria
3191 1003 3207 1029 ‚
3233 956 3525 1039 ejusmodi
3566 956 4049 1020 criminationem

816 1050 961 1112 edit.
1016 1050 1305 1113 parisien.
1338 1072 1474 1134 pag.
1530 1058 1666 1115 396.
1719 1053 1857 1127 Qui.
1879 1052 2043 1115 enim
2089 1053 2377 1132 potuisset
2484 1068 2607 1110 non
2632 1051 3003 1130 rejecerunt,
3046 1051 3199 1131 quin
3221 1051 3404 1112 etiam
3434 1052 3495 1113 id
3524 1071 3738 1112 verum
3761 1072 4051 1115 essenon-

810 1145 997 1208 Jacob
1021 1191 1038 1219 ,
1081 1154 1225 1227 puta
1254 1156 1384 1227 post
1410 1147 1629 1228 viginti
1655 1167 1845 1210 annos
1868 1193 1884 1220 ,
1931 1166 2007 1208 ex
2035 1146 2168 1209 oleo
2209 1148 2374 1228 quod
2481 1143 2618 1205 fessi
2646 1154 2825 1216 sunt:
2852 1144 3252 1207 certissimum
3281 1155 3482 1207 tamen
3525 1155 3652 1219 est,
3682 1165 3784 1207 eos
3810 1147 3887 1207 de
3926 1147 4052 1208 aris

812 1259 994 1320 super
1023 1239 1281 1321 lapidem
1312 1241 1589 1315 fudisset,
1639 1242 1839 1304 locum
1875 1261 2229 1322 agnoscere,
2262 1243 2369 1303 ubi
2481 1258 2610 1300 esse
2646 1239 2927 1319 loquutos
2948 1286 2965 1314 ,
3012 1260 3170 1321 quae
3195 1240 3585 1323 erigebantur
3608 1288 3624 1315 ‚
3672 1249 3741 1303 ut
3769 1261 3950 1321 super
3976 1241 4053 1303 iis

814 1334 1109 1397 visionem
1139 1335 1306 1398 illam
1334 1336 1624 1398 vidisset?
1667 1337 1801 1398 Non
1828 1336 1993 1398 enim
2021 1335 2152 1398 fieri
2193 1344 2373 1416 potu·
2480 1333 2806 1396 simulacra
2831 1334 3121 1396 falsorum
3145 1338 3410 1396 Deorum
3440 1336 3804 1410 colerentur,
3835 1335 3930 1398 vel
3963 1337 4062 1425 vif

815 1429 996 1503 isset,
1026 1431 1174 1511 quin
1204 1476 1220 1503 ,
1266 1430 1356 1492 vel
1385 1430 1510 1492 sole
1533 1477 1551 1504 ,
1578 1431 1673 1492 vel
1704 1431 1832 1511 ipso
1859 1451 1999 1494 aere
2035 1432 2329 1512 perflante
2350 1478 2367 1506 ,
2482 1428 2680 1489 etimis
2699 1430 3028 1491 mactandis
3043 1439 3290 1492 cruenta
3309 1432 3526 1492 fierent
3541 1431 3868 1504 Sacrifieia3
3886 1432 4050 1512 quod

808 1522 1009 1585 oleum
1036 1524 1284 1585 omnino
1323 1524 1740 1586 exsiccaretur.
1789 1525 2198 1598 Quamobrem
2247 1546 2372 1587 me·
2484 1523 2743 1604 ingenue
2771 1523 2991 1586 fatetur
3008 1526 3135 1605 ipse
3153 1526 3525 1609 Binghamus
3553 1527 3692 1588 licet
3720 1525 4051 1588 baeretica-

813 1615 931 1677 lior
956 1636 1026 1677 ea
1057 1618 1132 1678 de
1156 1637 1224 1678 re
1261 1617 1527 1680 Calmeto
1568 1638 1735 1678 mens
1761 1617 1877 1679 fuit
1902 1664 1919 1692 ,
1961 1617 2067 1699 qui
2097 1618 2174 1679 ad
2215 1618 2369 1681 illud
2482 1636 2620 1677 rum
2649 1618 2914 1697 partium
2939 1618 3121 1680 homo
3141 1665 3158 1697 ,
3189 1620 3368 1701 Orig.
3393 1620 3856 1682 Ecclesiasticar.
3891 1629 4041 1681 tom.

810 1718 990 1788 caput
1018 1710 1311 1779 Geneseos
1339 1731 1400 1770 n.
1437 1715 1532 1771 18.
1561 1712 1905 1772 observavit
1932 1732 2105 1773 exea
2136 1713 2369 1774 unctio-
2484 1718 2542 1771 3.
2578 1731 2711 1793 pag.
2754 1718 2890 1774 224.
2921 1723 2980 1775 et
3017 1735 3143 1795 seq.
3171 1714 3258 1775 2In
3300 1717 3551 1776 eandem
3586 1714 4051 1797 explicationem

812 1821 889 1862 ne
913 1848 928 1872 ‚
960 1822 1082 1881 qua
1107 1803 1292 1865 Jacob
1319 1804 1452 1865 oleo
1476 1804 1741 1884 lapidem
1770 1805 2096 1884 perunxit,
2140 1825 2372 1868 sacram
2480 1807 2774 1868 consentit
2813 1808 3139 1871 Grancolas
3161 1810 3242 1884 in.
3273 1810 3476 1871 Veteri
3508 1809 3806 1873 Ecclesiae
3832 1809 4046 1872 Sacra-

810 1905 1006 1957 ortam
1036 1918 1162 1959 esse
1189 1898 1515 1960 adhibendi
1544 1898 1746 1960 oleum
1771 1898 1832 1959 in
1875 1899 2237 1979 templorum
2266 1902 2371 1962 Al-
2483 1900 2779 1962 mentario
2810 1910 2952 1963 tom.
2987 1908 3041 1963 1.
3075 1923 3211 1983 pag.
3242 1909 3340 1963 35.

810 1993 1157 2072 tariumque
1184 1994 1730 2058 consecrationibus
1750 1995 2208 2057 caeremoniam.
2599 1997 2658 2054 4.
2694 1992 2906 2079 Objicit
2941 1999 3098 2056 nobis
3129 1995 3352 2065 Celsus,
3396 1997 3545 2076 quod
3586 2016 3701 2055 non
3741 1997 4043 2058 habeamus
4090 2011 4386 2082 'sulpit-arnt»-

478 2109 629 2155 μω..
647 2127 767 2157 mc...
926 2092 984 2147 3.
1018 2089 1091 2148 In
1117 2108 1277 2151 novo
1302 2088 1484 2150 etiam
1512 2091 1889 2151 Testamenti>
1924 2090 2149 2153 mentio
2175 2091 2246 2153 fit
2272 2091 2374 2153 Al·
2479 2089 2781 2167 imaqims,
2810 2100 2916 2151 aut
2944 2111 3079 2152 aras
3096 2139 3111 2161 ,
3142 2102 3246 2152 aut
3276 2090 3525 2171 Templa.
3558 2093 3712 2153 Sunt
3746 2093 3932 2153 verba
3961 2092 4045 2153 Ο-
4087 2080 4392 2172 ζῗῑῖεξᾟξ

476 2172 535 2268 {2¹⁰
564 2168 767 2274 {23¹3}
811 2181 978 2253 taris;
1009 2201 1151 2251 nam
1178 2184 1252 2244 D.
1278 2183 1502 2244 Paulus
1520 2183 1598 2245 ad
1619 2183 1808 2245 flebr.
1839 2203 1892 2244 e.
1932 2189 2025 2244 13.
2051 2184 2364 2257 Habemus,
2481 2183 2705 2265 rigenis
2745 2184 2855 2245 lib.
2887 2189 2946 2246 4.
2996 2195 3205 2248 contra
3239 2185 3497 2247 Celsum.
3533 2188 3611 2248 Et
3651 2186 3810 2267 apud
3843 2186 4048 2247 Minu·-
4094 2188 4390 2303 ‘fiz‘ifflffi

474 2293 693 2349 fumum,
727 2298 768 2332 ει
807 2272 1049 2354 inquit,
1078 2274 1280 2338 Altero
1308 2324 1324 2347 ‚
1355 2278 1423 2343 da
1446 2297 1558 2355 quo
1583 2279 1736 2339 cdere
1761 2298 1877 2338 non
1901 2279 2101 2339 habent
2124 2291 2370 2361 potesta·
2480 2277 2634 2340 tium
2679 2278 2745 2339 in
2791 2277 3027 2341 Octavio
3066 2281 3275 2363 objicit
3316 2281 3675 2342 Christianis
3715 2281 4044 2344 Caecilius:
4088 2305 4182 2360 gn..

472 2345 766 2459 {⁸52„⁰..'3'5¹{¹,‚⁸¹’'”
808 2379 918 2430 tem
941 2417 958 2441 ,
989 2373 1093 2449 qui
1123 2371 1507 2435 Tuben-nacula
1541 2372 1876 2432 deserviunt.
1931 2373 2154 2435 Locum
2195 2374 2370 2436 illum
2484 2371 2608 2433 Gur
2632 2376 2824 2434 nullas
2850 2395 2986 2436 aras
3013 2377 3255 2436 habent?
3289 2379 3496 2455 templa
3524 2378 3722 2435 nulla?
3751 2379 3919 2438 nulla
3947 2397 4050 2437 no·-

806 2464 1074 2543 Apostoli
1106 2463 1177 2525 in⁴
1197 2464 1361 2526 hunc
1402 2464 1650 2525 modum
1673 2464 1979 2544 explicant
2000 2466 2155 2528 sacri
2177 2467 2373 2531 Inter·
2482 2478 2544 2528 la
2572 2470 2911 2530 simulacra?
2939 2471 3016 2532 Et
3041 2469 3348 2531 Arnobius
3374 2470 3661 2531 adversus
3682 2470 3904 2532 Gentes
3933 2471 4046 2531 lib.

811 2567 1028 2636 pretes,
1054 2577 1205 2638 quos
1235 2558 1445 2621 laudat
1457 2559 1803 2640 etsequitur
1829 2560 2109 2641 aLapide
2126 2562 2203 2625 ad
2222 2583 2373 2625 eun-
2484 2566 2542 2621 6.
2572 2562 2866 2624 Accusatus
2904 2584 3036 2635 nos,
3081 2563 3315 2644 inquit,
3357 2566 3505 2641 quod
3544 2585 3640 2625 nec
3672 2563 3903 2644 Templa
3941 2565 4050 2625 ha-

810 2647 949 2710 dem
989 2650 1187 2712 locum
1214 2672 1371 2714 vers.
1408 2658 1502 2714 10.
1549 2653 1756 2731 Altare
1783 2653 2075 2719 habemus
2096 2702 2112 2729 ‚
2156 2655 2222 2717 in
2250 2677 2374 2738 quo
2483 2656 2736 2728 beamus,
2765 2658 3201 2737 neclmaqines,
3245 2678 3344 2729 nec
3369 2657 3543 2718 Aras.
3576 2658 3756 2732 Quod
3798 2656 4046 2738 quidem

810 2744 1031 2808 Christi
1063 2747 1293 2826 Corpus
1318 2754 1379 2808 et
1404 2747 1773 2828 Sanguinem
1791 2749 1923 2830 jam
1948 2750 2012 2812 in
2038 2750 2228 2813 Cruce
2256 2752 2372 2814 im·
2480 2751 2861 2813 verissimum
2888 2761 3037 2815 erat.
3069 2751 3396 2815 Christiani
3427 2752 3592 2815 enim
3619 2772 3757 2814 aras
3782 2771 3904 2813 non
3935 2751 4048 2813 ha·

807 2832 1102 2902 molatum
1128 2840 1467 2914 offerimus,
1497 2844 1668 2922 cujus
1692 2844 1983 2906 Sacrificii
2013 2866 2209 2926 neque
2236 2868 2372 2928 par-
2480 2844 2737 2920 bebant,
2767 2856 2838 2910 ut
2864 2860 3002 2910 suas
3027 2847 3268 2930 Ethnici
3299 2848 3508 2909 firmas
3551 2855 3611 2908 et
3637 2845 3913 2918 stabiles,
3944 2845 4049 2907 sed

809 2933 907 2993 tici
915 2952 1016 3012 pes
1042 2933 1200 2999 fiunt
1226 2936 1469 2997 Levitae
1491 2980 1508 3008 ‚
1539 2956 1736 3017 neque
1760 2939 1999 3013 ludaei,
2031 2942 2134 3003 sed
2162 2942 2371 3005 Sacer·
2482 2942 2762 3016 mobiles3
2794 2962 2946 3024 quas
2983 2943 3103 3004 huc
3129 2951 3310 3023 atque
3339 2943 3484 3003 illuc
3509 2941 3717 3003 liceret
3747 2940 4049 3023 transfer·
4079 3001 4083 3006 ,

808 3028 975 3111 dotes
1002 3028 1370 3103 Christiani,
1413 3031 1754 3112 caeterique
1777 3033 2053 3108 Fideles,
2093 3056 2231 3097 cum
2262 3039 2370 3099 Sa·
2481 3055 2547 3096 re
2573 3082 2588 3109 ,
2640 3046 2710 3098 ut
2748 3038 3010 3117 explicat
3047 3037 3387 3118 Bocquillot
3426 3039 3708 3099 Tractatu
3743 3035 4046 3096 Historico

806 3123 911 3186 cra
938 3123 1318 3187 Eucharistia
1342 3123 1718 3189 reficiuntur.
1744 3128 1947 3191 Estius
1971 3139 2260 3211 sequutus
2287 3135 2363 3195 D.
2480 3149 2683 3193 sacrae
2709 3131 3016 3215 Liturgiae
3043 3132 3153 3194 lib.
3191 3138 3245 3194 1.
3277 3152 3406 3214 cap.
3442 3139 3500 3194 5.
3534 3151 3671 3214 pag.
3719 3136 3817 3192 82.
3849 3132 3941 3193 Ex
3970 3148 4044 3191 eo

808 3218 858 3279 T
860 3215 1104 3280 homam
1150 3237 1295 3280 voce
1324 3217 1429 3282 illa
1451 3220 1655 3297 Altam
1679 3223 1917 3302 putavit
1946 3225 2167 3288 Christi
2216 3227 2370 3289 Cru-
2482 3234 2681 3288 autem
2709 3273 2724 3300 ,
2767 3228 2930 3308 quod
2969 3236 3199 3290 veteres
3240 3227 3567 3290 Christiani
3611 3226 4043 3296 concesserint,

810 3329 940 3372 cem
963 3354 981 3385 ‚
1010 3311 1156 3373 ¹sive
1182 3311 1365 3374 etiam
1414 3312 1611 3393 ipsum
1649 3314 1953 3384 Christum
1998 3318 2369 3401 significarit
2480 3340 2545 3382 se
2583 3342 2787 3383 carere
2826 3322 3152 3395 altaribus,
3183 3323 3536 3384 luculenter¹
3563 3331 3765 3386 tamen
3808 3321 4042 3398 ostendi

809 3403 887 3464 At
913 3423 1041 3472 earo
1067 3402 1138 3463 S.
1173 3403 1410 3466 Thomas
1435 3405 1646 3468 Aetare-
1663 3409 1763 3468 hoc
1788 3412 2195 3491 interpretatur
2224 3413 2374 3475 Cm-
2481 3424 2708 3496 potest,
2739 3415 2881 3478 inde
2908 3436 3027 3478 non
3063 3437 3231 3497 posse
3273 3418 3436 3478 istud
3478 3415 3727 3489 inferri,
3760 3415 3930 3477 nulla
3957 3417 4048 3477 eis

809 3517 925 3557 cem
956 3495 1215 3568 Christi,
1253 3501 1339 3558 vel
1364 3502 1549 3578 ipsum
1577 3499 1913 3563 Clu-istum:
1963 3506 2029 3566 de
2055 3526 2165 3585 quo
2191 3507 2367 3571 Alta·
2483 3508 2665 3570 fuisse
2709 3509 2926 3572 altaria
2951 3555 2968 3583 ,
3012 3510 3350 3592 inquibus
3391 3509 3871 3571 Eucharisticum
3920 3512 4047 3570 Deo

809 3594 868 3651 ri
894 3638 910 3661 ‚
930 3593 1132 3670 *inquit
1158 3639 1175 3663 ,
1224 3594 1377 3654 edero
1402 3605 1480 3655 ost
1519 3596 1771 3674 [ructum
1819 3597 2109 3662 Passionis
2156 3601 2378 3664 Christi
2483 3603 2857 3666 Sacrificium
2902 3605 3208 3666 offerrent.
3240 3606 3394 3667 Nam
3442 3603 3534 3665 illi
3580 3604 3760 3665 ”dem
3802 3606 4054 3677 Patres,-

807 3688 1122 3766 percipere‚
1151 3701 1202 3746 ot
1225 3689 1336 3767 ipsi
1365 3698 1638 3767 tanquam
1660 3694 1841 3771 capiti
1865 3696 2239 3775 incorporari.
2273 3699 2375 3760 Ni·
2484 3698 2590 3777 qui
2619 3697 2977 3760 Christianis
3003 3698 3202 3760 nullas
3226 3718 3352 3760 esse
3389 3717 3527 3759 aras
3641 3697 3819 3759 nfessi
3866 3709 4008 3761 sum
4025 3746 4043 3773 ,

812 3777 903 3840 hil
935 3798 1042 3839 nos
1069 3779 1143 3862 de
1180 3788 1438 3862 utraque
1478 3782 1969 3864 interpretatione
2008 3791 2328 3856 statuimus
2355 3814 2372 3855 z
2485 3811 2624 3853 cum
2651 3791 2725 3853 de
2770 3812 2975 3854 mensa
3011 3791 3249 3872 loquuti
3290 3800 3464 3865 sunt,
3496 3791 3559 3853 in
3599 3811 3722 3872 qua
3752 3791 4047 3853 Euchari-

812 3871 967 3933 illud
995 3893 1138 3934 vero
1164 3873 1440 3950 dicimuS,
1470 3877 1857 3943 disertissime
1882 3883 1959 3943 de
1989 3885 2182 3947 Altari
2205 3907 2375 3949 men·
2485 3885 2634 3947 stiae
2673 3887 3128 3949 Sacramentum
3165 3886 3513 3959 conficitur,
3560 3886 3938 3948 mentionem·
3972 3887 4051 3949 de

813 3964 1039 4060 tionem
1084 3965 1317 4028 fieri'in
1346 3970 1632 4032 Matthaei
1671 3975 2000 4058 Evangelio
2042 3999 2173 4059 cap.
2207 3987 2268 4041 5.
2302 3980 2377 4042 Si
2485 3980 2795 4042 Altaribus
2822 3980 3017 4043 facere
3051 4000 3172 4041 non
3202 3977 3764 4060 praetermiserunt,
3798 3990 3867 4042 ut
3893 3981 4050 4042 bene

814 4077 942 4137 erqo
967 4058 1128 4140 offers
1168 4081 1372 4136 munus
1419 4072 1580 4124 tuum
1603 4067 1681 4126 ad
1717 4067 1921 4131 Auara
1944 4117 1962 4141 ,
2005 4082 2057 4132 et
2083 4075 2166 4132 ibi
2190 4093 2376 4134 recor-
2485 4059 2746 4136 adv'ertit
2773 4077 2840 4136 Ρ.
2874 4076 3065 4157 Lamy
3093 4074 3203 4136 lib.
3260 4080 3318 4135 7.
3370 4074 3446 4136 de
3470 4074 3720 4154 Templo
3744 4074 4050 4157 lerosoly-

815 4153 982 4213 datus
1007 4154 1183 4236 sum-is
1208 4203 1225 4226 ,
1267 4158 1406 4235 quia
1441 4159 1624 4236 frater
1640 4171 1781 4223 tuus
1816 4165 1981 4225 habet
2006 4167 2233 4245 aliquid
2268 4169 2376 4228 ad-
2486 4168 2715 4230 mitano
2752 4189 2885 4249 cap.
2936 4174 2994 4230 3.
3048 4177 3187 4231 sect.
3245 4173 3299 4229 1.
3351 4176 3413 4229 et
3455 4168 3708 4228 Frassen
3759 4176 3906 4229 tom.
3952 4173 4049 4229 11.

813 4266 1033 4306 versum
1062 4257 1152 4319 te„
1180 4251 1435 4329 relinque
1462 4253 1542 4311 ibi
1566 4274 1771 4315 munus
1801 4267 1962 4318 tuum
1988 4273 2120 4320 anto
2143 4260 2374 4333 Altaro,
2487 4262 2845 4345 Tlteologiae
2870 4266 3126 4326 Roman.
3156 4263 3301 4325 edit.
3357 4282 3493 4344 pag.
3540 4267 3680 4324 339.
3714 4262 4051 4323 Lucianum

811 4352 864 4400 et
890 4340 1025 4401 vade
1060 4344 1225 4421 prius
1253 4347 1612 4422 reconciliari
1645 4349 1823 4427 [ratri
1851 4362 1946 4411 tuo
1970 4400 1985 4422 ,
2030 4363 2082 4413 οι
2123 4364 2258 4416 tunc
2286 4375 2377 4416 vo-
2486 4357 2819 4438 Martyrem
2849 4357 3250 4419 celebrandae
3285 4357 3505 4418 Missae
3541 4375 3756 4426 causa,-
3785 4356 3931 4416 dum
3982 4356 4051 4417 iu

812 4437 971 4496 niens
997 4434 1187 4517 offeres
1225 4458 1430 4520 munus
1461 4450 1622 4500 tuum
1643 4462 1664 4501 :
1707 4444 1813 4523 qui
1845 4444 2009 4510 locus
2036 4447 2208 4510 nulla
2230 4468 2378 4512 sane
2485 4451 2744 4514 vinculis
2765 4460 2950 4526 esset,
2982 4452 3228 4533 proprio
3271 4467 3452 4512 usum
3492 4458 3729 4530 pectore
3761 4456 4050 4530 tanquam

814 4528 1045 4611 indiget
1068 4529 1580 4610 interpretatione,
1607 4544 1675 4595 ut
1690 4537 2090 4604 observarunt
2112 4542 2379 4606 Walem-
2485 4543 2678 4608 Alteri
2708 4546 3015 4625 proditum
3038 4554 3150 4618 est;
3180 4554 3241 4607 et
3259 4544 3664 4606 Diaconorum
3695 4563 3911 4605 manus
3940 4564 4054 4624 pro

813 4625 991 4704 burg·
1035 4623 1508 4688 Controversiam
1543 4636 1686 4689 tom.
1719 4635 1777 4690 2.
1810 4653 1940 4712 cap.
1977 4639 2079 4694 39.Ἴ
2110 4635 2375 4714 Quaevis
2482 4638 2674 4702 Altari
2703 4640 2781 4702 ad
2818 4639 3281 4702 sacrificandum
3323 4638 3672 4700 adhibuisse
3702 4638 4048 4698 Theodore-

818 4725 1127 4806 praeterea
1144 4718 1413 4801 Liturgia
1425 4722 1696 4784 Mensam
1723 4725 1829 4785 ubi
1843 4727 2209 4790 sacrificetur
2219 4751 2381 4792 com·
2488 4743 2615 4796 tum
2644 4734 2915 4815 legimus.
2949 4734 3064 4796 Sed
3090 4734 3238 4795 haec
3275 4752 3419 4794 sane
3460 4741 3603 4792 sunt
3630 4731 3813 4812 digna
3840 4751 4045 4791 exem-

813 4820 1128 4883 memorat,
1158 4833 1413 4893 eamque
1436 4836 1648 4880 verum
1672 4819 1878 4882 Altare
1893 4823 2178 4903 appellat,
2209 4827 2374 4904 quod
2485 4828 2622 4907 pla,
2660 4848 2818 4909 quae
2862 4829 3154 4890 miremur
3195 4827 3416 4909 magiS,
3464 4819 3652 4905 quam
3698 4826 4041 4898 imitemur3

813 4904 878 4965 in
907 4924 978 4965 ea
1006 4926 1218 4966 verum
1262 4910 1388 4970 Deo
1415 4910 1789 4975 Sacrificium
1815 4917 2102 4982 offeratur
2124 4962 2141 4992 ‚
2192 4919 2378 4999 idque
2483 4942 2837 5004 semperque
2876 4931 3155 4986 constans
3198 4929 3260 4983 et
3289 4930 3578 5002 perpetua
3604 4920 3722 4982 fuit
3750 4921 4049 4982 Ecclesiae

814 4999 1125 5076 uberrima
1150 5013 1643 5083 argumentorum
1673 5009 1730 5068 vi
1756 5019 1815 5072 et
1843 5012 2015 5091 copia
2040 5014 2376 5076 eruditissi-
2487 5017 2832 5098 disciplina,
2880 5029 2950 5079 ut
2987 5036 3168 5097 super
3207 5014 3415 5078 Altare
3454 5015 3638 5077 Missa
3683 5014 4040 5076 celebretur.

816 5112 914 5151 me
957 5095 1216 5154 ostendit
1243 5098 1308 5156 P.
1355 5099 1411 5159 lc
1441 5102 1606 5163 Brun
1626 5113 1778 5166 tom.
1820 5112 1875 5167 3.
1910 5107 1987 5169 de
2007 5109 2190 5170 Missa
2236 5130 2372 5193 pag.
2486 5111 2787 5174 Adversus
2813 5111 3184 5183 Donatistae,
3225 5130 3489 5191 quorum
3531 5109 3736 5171 furore
3780 5108 4048 5171 Catholi-

819 5191 957 5245 576.
991 5194 1194 5266 etseq.
1223 5199 1283 5250 et
1303 5192 1604 5255 Altarium
1628 5201 2136 5287 consecrationem
2168 5202 2377 5266 itidem
2486 5215 2693 5268 corum
2735 5206 2951 5269 altaria
2992 5214 3165 5268 erant
3205 5225 3444 5278 evema,
3481 5204 3766 5266 inclamat
3791 5203 4051 5283 Optatus

818 5287 888 5339 ¹11
912 5278 1271 5357 templorum
1296 5329 1311 5354 ,
1340 5288 1806 5356 vetustissimum
1843 5315 1969 5358 esse
1996 5296 2184 5358 ritum
2226 5300 2379 5377 Apo-
2486 5300 2872 5362 Milevitanus
2912 5299 3021 5361 lib.
3058 5305 3115 5360 6.
3153 5298 3310 5374 Quid
3338 5308 3416 5359 est
3457 5300 3637 5366 onim,
3672 5296 3904 5376 inquit,
3934 5298 4045 5358 Aa·

819 5371 1097 5477 stolicum
1123 5378 1370 5455 probat;
1400 5383 1562 5461 quod
1583 5386 1765 5448 etiam
1788 5389 2131 5452 observavit
2152 5392 2381 5472 Pouget
2488 5404 2606 5455 tare
2632 5396 2747 5454 nisi
2786 5395 2932 5455 sedes
2978 5405 3030 5453 et
3060 5393 3324 5472 Corporis
3364 5403 3417 5452 et
3444 5390 3759 5468 sanquine
3788 5390 4047 5452 Chul-ci?

822 5465 1084 5529 Institut.
1109 5471 1466 5536 Catholicar.
1492 5486 1633 5539 tom.
1658 5486 1714 5540 2.
1743 5483 1885 5543 edit.
1915 5484 2203 5548 Parisien.
2228 5505 2372 5548 ann.
2488 5489 2648 5551 Haeo
2673 5491 2863 5550 cannia
2884 5489 3047 5565 [amr
3077 5499 3243 5548 cester
3269 5498 3373 5547 am
3399 5488 3566 5555 rasit,
3595 5495 3696 5546 aut
3725 5486 3915 5564 freyn,
3939 5498 4044 5548 aue
