4487 6316
1024 517 1126 569 m
1850 521 1936 572 nr:
1954 508 2456 595 ⁴s‘.tt*.ttos.inc·1·o
2493 517 2707 575 ’sissts
2746 516 3123 571 &cameto

2493 660 2776 722 daz-tum
2802 658 2960 723 redit
2983 678 3193 725 rursus
3218 658 3296 722 tid
3325 657 3589 722 medium
3615 659 3853 732 Altare‘,
3878 660 4041 740 quod

2494 754 2831 827 osculatnr3
2863 753 2936 815 ad
2967 752 3263 834 Populum
3294 764 3493 815 antem
3524 755 4036 830 conversusdicit,

2490 848 2767 909 Dominus
2793 850 3304 928 maiacum-atque
3335 847 3413 907 Ite
3442 848 3630 909 Missa
3658 849 4035 919 causet-vot-

2489 962 2637 1005 vens
2668 962 2731 1005 se
2757 943 2832 1005 ad
2863 943 3053 1005 altare
3076 988 3093 1015 ,
3131 943 3535 1003 Benaticamm
3567 942 3807 1003 Domino
3826 991 3842 1013 ‚
3870 943 3919 1004 si
3954 943 4037 1005 ita

843 658 960 719 Eos
995 667 1192 737 tamen
1241 658 1464 723 idcirco
1510 657 1904 736 adduximus,
1955 671 2023 724 nt
2054 670 2382 742 appareat,

833 760 1131 831 qnantum
1162 752 1241 814 sit
1264 754 1584 843 bominum
1615 756 1794 818 etiam
1827 770 1986 818 nunc
2034 757 2097 818 in
2125 756 2380 829 Galliis,

831 844 939 925 qui
970 839 1266 909 Rubi-icae
1291 848 1366 909 de
1394 848 1648 909 Secretis
1684 849 2129 911 observantiam
2167 859 2377 911 tuean-

832 946 951 1000 tur.
984 930 1378 1021 Per-pulcrum
1405 943 1480 1004 de
1519 936 1755 1006 Secreto
1799 943 2226 1026 Mysteriorum
2256 952 2379 1006 tra·-

829 1041 1051 1112 ctatnm
1066 1035 1310 1098 Parisiis
1327 1056 1471 1099 ann.
1505 1043 1676 1099 1710.
1702 1038 1891 1100 edidit
1911 1037 2373 1111 Vallemontius,

828 1146 934 1188 seu
982 1128 1179 1217 potius
1230 1131 1579 1214 Apologiam
1636 1151 1748 1212 pro
1807 1130 2073 1197 Rubrica
2120 1129 2378 1192 Missalis

829 1222 1149 1303 omnigena
1184 1226 1523 1288 eruditione
1559 1226 1838 1288 refertam
1866 1273 1882 1299 ,
1902 1226 1986 1286 -in
2008 1245 2130 1306 qna
2160 1225 2373 1288 confu-

832 1324 917 1378 tat
946 1316 1200 1378 Vertnm
1225 1364 1241 1391 ,
1265 1320 1370 1400 qni
1404 1341 1542 1381 cum
1571 1320 1707 1393 aliis
1747 1319 2108 1401 quibusdam
2153 1339 2376 1381 earun-

824 1409 961 1471 dem
996 1411 1258 1490 partium
1281 1459 1298 1486 ,
1329 1422 1398 1475 ut
1415 1415 1542 1496 jam
1572 1414 1857 1500 vidimus,
1889 1413 2375 1475 contendet-ean·

822 1522 926 1566 sus
971 1514 1092 1578 est,
1129 1506 1393 1569 Secretas
1439 1506 1561 1570 alta
1618 1507 1852 1570 recitari
1899 1528 2043 1580 voce
2069 1516 2366 1588 oportere.

823 1590 915 1660 De
941 1600 1344 1663 Vallemontio
1372 1602 1530 1664 idem
1563 1622 1890 1676 censemus,
1923 1603 2086 1683 quod
2112 1602 2187 1664 do
2212 1602 2365 1664 duo-

827 1692 943 1753 bus
964 1693 1099 1754 aliis
1123 1694 1312 1765 Gallis
1335 1695 1716 1768 Auctoribus,
1749 1715 1901 1776 quos
1933 1714 2116 1776 supra
2141 1715 2367 1756 memo-

822 1784 1112 1847 ravimus.
1139 1782 1484 1856 Gaudemus
1508 1788 1693 1861 enim,
1725 1789 1889 1869 quod
1911 1788 2221 1850 videamus
2249 1790 2368 1849 Ru-

2488 1037 2855 1117 praescribat
2888 1036 3152 1098 Rubi-ica
3178 1058 3196 1110 ς
3226 1036 3324 1098 cui
3370 1036 3642 1102 Minister
3673 1037 3988 1117 respondet
4013 1069 4037 1109 ,·

2487 1131 2603 1191 Deo
2631 1133 2886 1209 oratius:
2918 1132 2980 1192 in
3011 1131 3209 1193 Missis
3236 1150 3379 1195 vcro
3409 1131 3837 1192 Defunctorum
3865 1130 4034 1211 dicit,

2488 1226 2854 1305 Requiescant
2897 1228 2960 1286 in
2993 1247 3127 1306 paco
3152 1247 3173 1293 ‚·
3213 1216 3308 1287 cni
3352 1225 3630 1285 Minister
3669 1225 4029 1304 respondet,

2484 1318 2683 1380 Amen.
2717 1320 2992 1400 Denique
3034 1320 3359 1382 inclinatus
3388 1319 3450 1380 in
3485 1319 3682 1380 medio
3710 1318 3904 1405 Altari
3938 1319 4034 1380 di-

2481 1413 2563 1475 cit
2589 1414 2936 1476 Orationem
2954 1436 2986 1486 ,·
3002 1413 3236 1475 Placeat
3250 1435 3272 1482 ,·
3296 1422 3353 1475 et
3377 1432 3700 1475 conversus
3719 1414 3796 1475 ad
3830 1414 4029 1493 Popu-

2484 1505 2612 1567 lum
2636 1507 2692 1568 ei
2719 1507 3067 1580 benedicit,
3086 1508 3249 1587 quod
3283 1506 3706 1587 praetermittit
3731 1507 3794 1568 in
3834 1507 4031 1570 Missis

2482 1599 2937 1661 Dehinctornm:
2960 1600 3111 1662 inde
3125 1620 3187 1660 se
3206 1599 3517 1661 (sufferens
3529 1600 3605 1661 ad
3626 1618 3811 1661 cornu
3836 1596 4034 1661 Evan-

2551 1692 2618 1753 lii
2647 1694 2855 1756 recitat
2873 1693 3268 1776 Evangelinm
3295 1695 3356 1754 S.
3392 1694 3642 1756 Joannis
3665 1740 3685 1768 ,
3725 1694 3820 1756 vel
3855 1694 4036 1780 aliud-

2478 1712 2879 1869 {evangelium
2907 1835 2924 1863 ,
2959 1789 3123 1868 quod
3153 1789 3414 1850 Rubrica
3445 1789 3912 1869 praescripserit.

2598 1885 2658 1941 2.
2692 1881 2879 1942 Porro
2906 1881 3254 1962 Antiphona
3284 1881 3503 1943 idcirco
3533 1882 3864 1943 Conmmnio
3889 1882 4034 1944 dici-
4070 1906 4330 1966 Antipha,

2480 1966 2612 2047 tur,
2643 1974 2789 2055 quia
2819 1983 2886 2037 ut
2910 1976 3189 2037 observat
3210 1976 3549 2048 Gavantus,
3580 1977 3907 2039 canebatur
3937 1977 4030 2036 in·
4068 1979 4176 2022 «ιω
4202 1966 4371 2032 dieitur

2480 2077 2640 2131 terea
2669 2069 2815 2151 dum
2847 2070 3082 2150 Populo
3101 2069 3478 2132 Eucharistia
3518 2071 4017 2133 distribuebatur.
4097 2080 4325 2124 neb-mr
4351 2057 4367 2081 ⁰

2480 2164 2636 2245 Ejus·
2653 2164 3019 2226 mentionem
3052 2165 3279 2231 faciunt
3308 2165 3567 2226 Ordines
3599 2165 3877 2227 Romani.
3912 2166 4026 2227 Ca-
4066 2138 4367 2252 {mezu-2?

2477 2258 2736 2319 nehattfr
2756 2257 3002 2319 alternis
3026 2262 3278 2338 quisque
3306 2282 3507 2318 vorsus
3537 2259 3775 2332 Psalmi,
3799 2280 3873 2321 ex
3900 2279 4026 2340 quo
4062 2254 4364 2353 'gg-⁰⁸¹2*
4477 2310 4478 2331 2

826 1879 1027 1957 bricae
1052 1881 1494 1950 observantiam
1524 1883 1599 1943 de
1630 1882 1881 1962 Secretis
1917 1894 2159 1944 strenue
2184 1883 2276 1945 ab·
2296 1901 2369 1944 eo

826 1992 1070 2054 qnoque
1117 1983 1575 2058 propugnatam.
1608 1978 1837 2039 Verum
1880 1979 2009 2059 ejus
2036 1978 2375 2040 rationibus

822 2069 1203 2132 subscribere
1231 2071 1480 2132 omnino
1507 2092 1627 2132 non
1671 2092 2002 2152 possumus.
2053 2073 2374 2134 Existimat

824 2161 1030 2236 eninr,
1080 2163 1266 2244 idque
1314 2165 1691 2226 verissimum
1719 2161 1836 2240 est,
1870 2165 2369 2242 catechumenos,

823 2256 1294 2339 Energumenos,
1327 2258 1640 2332 Infideles,
1663 2269 1732 2321 -et
1761 2259 2032 2342 publicos
2062 2260 2373 2322 Poeniten-

825 2358 914 2412 tes
946 2351 1167 2414 dimitti
1194 2354 1568 2415 consuevisse
1594 2400 1612 2428 ,
1641 2375 1777 2416 cum
1828 2355 2065 2416 recitari
2096 2364 2372 2436 coeperat

822 2445 1028 2509 Canon
1057 2447 1312 2510 Missae:
1347 2453 1519 2529 putat
1565 2438 1871 2529 praeterea
1897 2495 1914 2523 ,
1955 2449 2031 2510 iis
2059 2449 2321 2511 dimissis
2347 2495 2364 2522 ,

822 2558 981 2602 cum‘
1007 2541 1118 2603 soli
1162 2543 1394 2630 Fideles
1425 2589 1442 2618 ,
1502 2563 1697 2624 neque
1743 2544 2148 2626 Energumeni
2176 2590 2192 2618 ,
2257 2564 2367 2606 nec

824 2636 1197 2699 Poenitentes
1221 2684 1237 2710 ,
1270 2658 1380 2699 nec
1427 2637 1850 2699 Catechumeni
1888 2646 2269 2700 remanerent
2298 2639 2363 2700 in

823 2728 1044 2810 templo
1067 2736 1095 2803 ,’
1115 2729 1419 2811 reliquum
1447 2731 1662 2792 Missae
1709 2730 1864 2793 elata
1905 2732 2194 2793 voce-dici
2222 2752 2366 2794 con-

817 2823 1108 2896 suevisse,
1142 2825 1304 2905 qnod
1333 2834 1532 2887 tamen
1561 2834 1649 2886 est
1677 2825 1917 2887 salsum.
1952 2827 2169 2888 Arcani
2188 2829 2365 2889 'enim

820 2916 1133 2998 disciplina
1156 2920 1417 2992 vetabat,
1448 2940 1525 2981 ne
1551 2928 1922 2983 sacrosancta
1956 2921 2243 3003 Mysteria
2266 2922 2364 2983 vel

822 3010 1129 3073 Fidelibus
1162 3013 1305 3093 ipsis
1331 3013 1817 3076 enunciarentur.
1849 3016 2116 3097 Tandem
2140 3025 2360 3090 censet,

821 3113 1029 3167 'octavo
1058 3105 1293 3169 saeculo
1318 3153 1334 3180 ,
1364 3127 1502 3169 cum
1530 3107 1607 3170 ad
1630 3108 1884 3171 Missam
1909 3108 2248 3191 unicuique.
2266 3127 2366 3191 pa·

726 3235 727 3238 =
817 3206 967 3261 teret
983 3200 1201 3275 aditus,
1227 3210 1632 3282 opportunum
1653 3202 1855 3285 visum,
1882 3222 2028 3288 esse,
2056 3212 2124 3264 ut
2149 3222 2364 3284 qnem-

816 3293 1137 3356 admodum
1192 3295 1339 3356 olim
1401 3315 1599 3377 neque
1649 3296 2070 3359 Catechumeni
2099 3343 2117 3372 ,
2168 3318 2363 3379 neque

816 3387 1218 3472 Energumeni
1241 3435 1258 3464 ,
1313 3409 1510 3470 neque
1565 3391 1941 3453 Poenitentes
1981 3390 2310 3453 canonem
2338 3438 2355 3465 ,

814 3483 1069 3563 ideoque
1105 3504 1215 3546 nec
1259 3484 1730 3546 Consecrationis
1763 3487 1951 3548 verba
1986 3485 2351 3561 audiebant,

810 3577 895 3638 ita
923 3576 1139 3638 deinde
1162 3595 1660 3659 unumquemque
1683 3578 2001 3640 hominum
2021 3624 2044 3652 7,
2075 3578 2181 3661 'qui
2208 3580 2356 3642 Mis-

808 3690 909 3733 sae
934 3667 1181 3746 adesset,
1211 3680 1402 3734 totum
1425 3673 1487 3734 id
1514 3672 1833 3747 celaretur3
1865 3674 2028 3754 quod
2061 3692 2098 3735 a
2128 3674 2354 3737 verita—

809 3773 866 3826 te
897 3774 1193 3846 quantum
1228 3766 1385 3828 absit
1410 3765 1433 3841 ,'
1471 3767 1614 3829 satis
1643 3777 1892 3849 apparet
1924 3788 2000 3829 ex
2027 3767 2103 3830 iis
2130 3813 2148 3843 ,
2197 3784 2355 3850 quae

806 3858 1082 3939 superius
1103 3858 1388 3921 diximus.

1299 4048 1549 4111 CAPUT
1600 4048 1832 4110 XXIV.

924 4235 1010 4297 De
1035 4234 1223 4299 Missa
1248 4257 1286 4296 a
1316 4233 1713 4297 Commmiiom
1738 4254 1912 4314 usque
1939 4234 2015 4297 od
2039 4226 2225 4316 finierit.

2475 2361 2606 2414 erat
2649 2353 2992 2433 composita.
3046 2356 3379 2415 (hirtlinalis
3423 2356 3509 2413 'l'h
3541 2355 3776 2416 *talasius
3818 2374 4024 2416 exem·
4477 2373 4478 2412 t

2477 2444 2645 2526 plum
2672 2447 2862 2508 edidit
2889 2448 3104 2509 Psalmi
3140 2451 3589 2507 (Iouiniunionis
3622 2497 3633 2515 ,
3673 2449 3776 2530 qui
3816 2457 4024 2511 canu-

2473 2541 2654 2602 batur
2705 2541 2766 2602 in
2805 2529 3064 2602 ⁴modum
3110 2547 3512 2622 Antiphonae.
3572 2543 4021 2607 producebatur

2473 2643 2705 2709 cautus,
2748 2637 3249 2700 donecPontil‘ex
3276 2681 3293 2708 ,
3328 2637 3434 2718 qui
3460 2637 3702 2698 Missam
3749 2637 4018 2699 celebra-

2474 2731 2621 2804 bat,
2657 2741 2807 2793 nutu
2834 2731 3162 2806 monebat,
3195 2741 3263 2794 ut
3292 2739 3547 2804 a‘cantu
3587 2731 4013 2804 desisteretur·‚

2469 2835 2535 2917 et,
2553 2834 2873 2911 caneretur
2901 2825 3105 2888 Gloria
3129 2826 3324 2897 Patri,
3355 2834 3423 2887 ut
3446 2833 3695 2906 apparet
3723 2825 3785 2885 in
3810 2825 4009 2905 primo

2472 2917 2702 2981 Ordine
2729 2922 2999 2984 Romano
3019 2940 3187 2982 num.
3211 2925 3308 2982 20.
3338 2921 3491 2983 Mox
3516 2932 3583 2980 ut
3608 2920 3877 2997 Pontifex
3899 2940 4018 2978 coe-

2465 3015 2616 3092 perit
2635 3015 2704 3084 iri
2722 3012 3021 3076 Senatorio
3046 3017 3474 3084 communicare,
3499 3016 3693 3075 statim
3713 3014 3901 3073 schola
3922 3015 4016 3071 in-

2468 3108 2606 3187 cipit
2633 3106 3020 3189 Antiphonem
3038 3109 3115 3171 ad
3139 3107 3594 3171 Communionem
3608 3127 3711 3188 per
3731 3109 3867 3167 vices
3888 3126 4016 3167 cnm

2473 3197 2921 3262 Subdita-onibus
2939 3224 2961 3271 ,·
2992 3213 3041 3262 et
3063 3205 3521 3282 psallunt-usque
3548 3202 3682 3279 dum
3704 3202 4015 3260 eommuni-

2469 3306 2596 3356 cato
2622 3298 2776 3356 muni
2794 3295 3036 3377 Populo,
3066 3308 3285 3365 annuat
3317 3295 3589 3374 Pontifex
3613 3306 3676 3353 ut
3698 3296 3848 3375 dicat
3871 3292 4013 3353 Glo-

2464 3387 2639 3450 riam&
2664 3401 2715 3450 et
2741 3402 2877 3450 'tunc
2902 3394 3140 3471 repetito.
3158 3412 3318 3451 vorsu
3343 3393 3653 3469 quiescunt,
3683 3388 3845 3450 Haec
3866 3387 4012 3449 Mis-

2465 3501 2566 3559 sae
2597 3502 2733 3563 pars
2757 3529 2774 3556 ,
2827 3484 2891 3544 in
2935 3503 3059 3564 qna
3092 3483 3422 3545 Communia
3466 3490 3527 3544 et
3562 3478 4013 3543 Post'commtm'io

2465 3576 2825 3650 recitantur,
2854 3576 3001 3638 olim
3031 3577 3358 3640 vocabatur
3385 3580 3709 3656 mutiat-um
3735 3579 3883 3637 actio
3901 3623 3915 3645 ,
3941 3586 4013 3637 ut

2461 3668 2549 3730 ait
2575 3672 2875 3750 Rupertus
2904 3670 2980 3732 de
3014 3670 3248 3731 Divinis
3279 3670 3448 3731 offic.
3485 3669 3595 3730 lib.
3629 3675 3688 3729 2.
3732 3687 3865 3749 cap.
3905 3674 4001 3729 18.

2465 3759 2681 3822 Cantus
2699 3807 2716 3836 ,
2746 3762 3383 3841 quemCommunionem
3410 3764 3646 3823 dicimus
3663 3811 3679 3833 ,
3708 3783 3869 3842 que-m
3882 3772 4010 3843 post

2461 3858 2644 3915 cibum
2671 3859 2983 3917 salutarem
3008 3860 3262 3918 canimus
3287 3905 3302 3929 ,
3341 3856 3683 3919 Gratiarum
3712 3859 3860 3937 actio
3888 3868 4007 3925 est:

2458 3950 2618 4029 quod
2646 3950 2834 4011 molto
2855 3960 2994 4012 ante
3014 3952 3249 4013 dixerat
3276 3950 3597 4033 Angustia.
3629 3950 3817 4030 Epist.
3868 3954 3999 4011 149.

2456 4041 2607 4104 alias
2634 4048 2731 4104 59.
2765 4043 3122 4125 Participato
3145 4056 3302 4106 tanto
3324 4045 3692 4105 Sacramenta
3719 4090 3739 4113 ,
3762 4042 4002 4105 Gratia-

2454 4155 2586 4195 rum
2624 4133 2771 4198 actio
2810 4150 3012 4199 cuncta
3037 4141 3338 4199 concludit.
3373 4138 3816 4219 Antiphonam,
3844 4157 4001 4218 quae

2456 4226 2786 4290 Communia
2815 4231 3067 4305 dicitur,
3096 4231 3253 4307 aliae
3280 4241 3730 4312 consequuntur
3760 4230 4000 4292 Oratio-

2450 4343 2576 4397 nes,
2592 4343 2748 4405 qnae
2768 4335 3058 4388 vocantur
3083 4326 3530 4387 Postcommunio
3553 4373 3570 4396 ,
3599 4345 3758 4406 quae
3785 4324 3993 4405 proxi-

2449 4436 2545 4478 me
2563 4418 3207 4498 postcommunionem
3235 4420 3585 4492 recitantur,
3614 4420 3690 4480 ad
3716 4421 3837 4480 Deo
3863 4437 3997 4500 gra·

2450 4509 2561 4571 tias
2581 4512 2872 4593 agendas,
2904 4513 3065 4592 quod
3094 4522 3395 4574 tantorum
3425 4511 3851 4594 Mysten-iorum
3882 4529 3997 4572 nos

2445 4605 2704 4667 voluerit
2721 4626 2845 4668 esse
2860 4607 3201 4687 participes,
3216 4616 3277 4668 et
3302 4607 3376 4668 ad
3399 4599 3655 4688 gratiam
3672 4607 3754 4667 ab
3782 4625 3853 4666 eo
3882 4625 3991 4685 po-

2442 4700 2782 4761 stulandam
2801 4746 2817 4772 ,
2838 4709 2919 4761 ·ut
2945 4703 3074 4782 ejus
3101 4702 3360 4762 fructum
3381 4746 3398 4773 ,
3431 4710 3491 4762 et
3520 4700 3817 4783 quidquid
3845 4718 3989 4780 ope-

2444 4793 2567 4854 rari
2591 4793 3119 4859 sanctificationem
3148 4803 3377 4875 potest,
3421 4814 3859 4867 conservemus.
3911 4794 3984 4853 ln

2442 4888 2804 4968 quibusdam
2832 4888 2977 4950 locis
3005 4889 3153 4951 haec
3177 4890 3387 4951 Oratio
3413 4899 3661 4951 vocatur
3696 4888 3988 4968 Compleu-

2441 4983 2516 5043 da
2540 5031 2556 5054 ‚
2586 5002 2690 5044 seu
2723 4981 2927 5044 Oratio
2954 4986 3029 5045 ad
3058 4984 3490 5065 Comploratum,
3522 4985 3635 5046 hoc
3661 4992 3750 5065 est
3775 4981 3986 5044 Oratio

2442 5094 2564 5156 qua
2587 5095 2682 5137 res
2701 5084 2825 5139 tota
2851 5075 3081 5139 finitur.
3115 5078 3378 5139 Robrica
3406 5076 3664 5138 Missa-lis
3685 5074 3986 5157 praescr-i-

2439 5169 2567 5243 bit,
2601 5181 2669 5231 ut
2695 5178 2782 5243 tot
2813 5170 3182 5233 dicantur-‘in
3213 5172 3325 5233 bac
3358 5181 3528 5251 parte
3566 5171 3785 5232 Missae
3826 5172 3980 5231 Ora·
4021 5171 4139 5235 ⁹⁰⁸⁸.
4204 5183 4321 5212 Μ·-

4023 5240 4066 5268 m
4102 5240 4171 5268 nto
4258 5236 4320 5272 tot

2442 5262 2652 5338 tiones,
2676 5272 2825 5344 quot
2841 5264 3036 5326 dictae
3063 5265 3310 5327 fuerunt
3330 5266 3393 5344 in
3416 5265 3748 5345 principio‘.
3764 5264 3981 5326 Mutti—
4051 5242 4271 5326 gnitum

2432 5359 2662 5437 plicatis
2680 5359 2982 5423 secundum
3008 5349 3305 5420 numerum
3326 5358 3796 5426 cenomannia
3813 5360 3983 5439 priw-
4023 5339 4182 5442 2¹:2⁰2?
4212 5352 4317 5441 Ἐῖιῗ

2439 5452 2826 5532 cipio'Mism
2858 5465 2908 5514 et
2939 5451 3297 5515 Secretarum
3334 5464 3465 5515 ante
3494 5446 3743 5515 Cononis
3796 5452 3979 5514 Prae·
4023 5454 4164 5500 'sette-

527 4465 716 4512 sam
805 4426 859 4483 1.
883 4376 1167 4486 ·‘Missae
1205 4444 1448 4485 cursum
1478 4442 1601 4484 non
1632 4419 2051 4502 inopportunis
2089 4421 2343 4503 quibus-

467 4537 574 4580 ψη*
602 4524 704 4568 fiunt
733 4539 758 4567 ι
796 4517 941 4580 dam-
959 4519 1170 4579 crebro
1198 4517 1629 4600 interjiciendis
1655 4517 2030 4597 abrupimns;
2055 4520 2218 4578 nunc
2238 4536 2340 4579 ve-

466 4583 749 4694 poi-’tw
799 4630 868 4680 ro
900 4611 1076 4672 illn'm
1106 4612 1344 4673 tandem
1387 4621 1744 4691 repetamus.
1781 4611 2100 4690 Postquam
2132 4610 2339 4672 Sacer-

465 4696 753 4806 „2225022‘2-
795 4705 901 4765 dos
924 4704 1377 4796 Sacramentum
1405 4705 1532 4785 ipse
1571 4703 1846 4784 sumpsit,
1873 4711 1932 4764 et
1965 4703 2339 4769 adstantibus

465 4821 557 4849 nem
582 4813 747 4853 Hime-
796 4799 1136 4872 distribuit,
1166 4799 1213 4860 si
1243 4800 1350 4880 qui
1378 4807 1516 4861 sunt
1546 4796 2057 4871 communicandi,
2088 4806 2147 4859 et
2172 4817 2339 4858 sum-

785 4894 904 4975 psit
949 4894 1323 4967 *ablutionem
1348 4940 1365 4966 ‚
1402 4914 1436 4954 e
1466 4893 1662 4956 medio
1692 4892 1884 4954 Altari
1913 4912 1976 4953 se
2003 4891 2233 4953 confert
2260 4892 2337 4953 ad

787 5007 974 5048 cornu
1008 4986 1330 5067 Epistolae,
1364 5005 1486 5065 qno
1508 4985 1781 5046 Minister
1804 4981 2044 5047 Missale
2072 4993 2335 5046 transtu-

789 5079 885 5155 lit;
916 5080 1060 5162 legit
1083 5079 1512 5159 Antiphonam,
1545 5098 1703 5158 quae
1731 5076 2063 5138 Communio
2089 5077 2332 5151 dicitur,

789 5174 946 5235 redit
971 5173 1048 5234 ad
1093 5172 1357 5232 medium
1388 5170 1594 5231 Altare
1617 5216 1633 5244 ,
1667 5170 1942 5251 illudque
1982 5170 2329 5244 osculatur3

789 5280 1110 5327 conversus
1135 5266 1212 5326 ad
1243 5264 1538 5344 Populum
1561 5264 1705 5325 dicit
1734 5264 2006 5325 Dominus
2033 5267 2333 5333 vobiscum,-

791 5378 860 5420 ac
904 5360 1138 5420 rediens
1179 5358 1255 5419 ad
1295 5357 1522 5418 librum
1551 5356 1718 5439 legit'
1737 5352 2086 5420 Orationem
2115 5402 2132 5430 ,
2176 5376 2336 5437 quae

793 5450 1011 5513 dicitur
1051 5450 1498 5512 Postcommnnio
1522 5470 1544 5511 .·
1576 5460 1875 5533 postremo
1906 5451 2132 5512 librum
2164 5450 2331 5512 clau-
