4487 6316
1792 534 1915 618 m
1955 560 2048 614 ιιι.
2087 560 2229 615 car.
2266 556 2327 618 x.

477 678 700 763 Christi
733 702 1047 766 remanere
1071 748 1090 777 ,
1122 700 1174 766 si
1211 682 1905 784 post'Consecrationem-
1924 705 2023 767 in-

478 794 769 870 fundatur
792 797 1003 859 eadem
1032 798 1261 878 species,
1280 806 1338 862 et
1372 799 1634 881 qualitas
1660 800 1787 862 vini
1817 848 1833 874 ,
1871 820 2028 883 quae

145 880 432 982 &3¹21
470 876 603 952 eral
628 884 759 957 vini
792 890 959 953 illius
985 938 1000 965 ,
1036 894 1197 973 quod
1228 904 1637 957 consecratum
1665 905 1773 957 est.
1814 895 1929 957 Sed
1957 895 2021 973 in

147 1010 432 1097 ζᾝέωὲζῗ,
475 983 571 1046 his
620 985 1121 1048 scholasticorum
1174 988 1696 1070 Disputationibus
1746 989 2028 1051 nolumus

174 1124 407 1154 mm.
477 1088 677 1160 partoe
698 1080 1018 1162 suscipere:
1046 1080 1200 1151 illud
1224 1078 2024 1168 tame’n'innuerejuvatve-
2092 1098 2095 1103 ·

144 1171 436 1286 22⁶⁰&
480 1183 667 1255 terem
695 1175 1096 1256 disciplinam,
1128 1178 1289 1259 quod
1315 1162 1463 1240 alibi
1494 1179 1858 1253 monuimus,
1887 1190 2026 1239 cum

147 1287 267 1326 tuuc.
477 1269 702 1349 populo
733 1270 809 1331 in¹
830 1270 1131 1333 Calicibus
1160 1270 1658 1335 ministerialibus
1690 1275 1804 1335 sub
1834 1271 2028 1354 specie

476 1362 605 1427 vini
633 1364 1033 1453 exhibebatur
1058 1367 1467 1441 Eucharistia,
1502 1368 1710 1430 vinum
1737 1388 1855 1429 non
1883 1387 2026 1429 con-

477 1467 774 1521 secratum
816 1458 1145 1549 identidem
1172 1507 1188 1535 ,
1238 1471 1308 1523 ut
1354 1462 1694 1544 postulabat
1739 1480 2028 1523 numerus

476 1570 686 1613 eorum
717 1601 732 1623 ,
765 1553 871 1633 qui
903 1562 1097 1637 essent
1122 1556 1639 1630 communicandi,
1676 1555 1737 1618 in
1770 1555 2027 1618 Calicem

479 1640 718 1707 infundi
750 1648 1125 1710 consuevisse
1149 1694 1164 1721 ,
1201 1669 1309 1711 nec
1330 1650 1532 1712 ullum
1566 1671 1835 1731 unquam
1869 1645 2028 1710 veri-

478 1746 607 1835 tum
636 1754 763 1803 esse
790 1787 805 1814 ,
841 1762 918 1804 ne
952 1742 1184 1805 Fideles
1226 1744 1449 1806 Christi
1500 1746 1857 1828 sanguinem
1906 1766 2028 1807 non

473 1833 860 1915 susciperent.
893 1827 1178 1897 Gibertus
1206 1837 1537 1900 Consultat.
1571 1839 1924 1901 Canonicar.
1955 1839 2029 1901 de

477 1920 877 1991 Sacramentis
907 1926 1236 1993 Consultat.
1285 1937 1341 1993 3.
1379 1934 1444 1994 dc
1481 1932 1781 2017 Sacrificio
1816 1935 2029 1996 Missae

477 2022 696 2098 Casum
726 2018 1051 2106 proponit,
1086 2025 1134 2087 si
1168 2024 1433 2089 Clericus
1465 2049 1541 2090 ex
1572 2029 1829 2091 aedituis
1855 2076 1873 2103 ,
1921 2029 2039 2111 qui

480 2118 744 2181 sacrario
766 2118 1125 2193 inserviunt,
1147 2118 1377 2200 partem
1400 2122 1669 2186 hauserit
1692 2123 1843 2197 vini,
1867 2124 2031 2204 quod

481 2213 557 2275 ad
591 2213 802 2275 Missas
832 2224 1104 2295 paratum
1132 2215 1293 2289 erat,
1310 2225 1367 2278 et
1392 2237 1502 2298 pro
1534 2218 1677 2279 vino
1710 2219 2030 2299 absumpto

479 2309 858 2371 substituerit
884 2330 1104 2391 aquam
1135 2358 1151 2384 ,
1176 2318 1309 2391 ‘quo
1338 2310 1443 2374 fiat
1474 2321 1546 2374 ut
1573 2314 1896 2397 Presbyter
1929 2333 2028 2375 ac—

477 2414 648 2483 cepto
691 2404 888 2466 Calice
936 2406 1170 2475 sentiat
1197 2407 1336 2487 plus
1380 2406 1570 2471 inesse
1614 2427 1808 2488 aquae
1842 2395 2031 2488 quam

486 2496 612 2558 vini
643 2519 659 2568 ;
688 2498 1003 2578 quaeritur
1028 2544 1044 2572 ‚
1064 2498 1289 2560 utrum
1319 2519 1477 2580 quae
1505 2500 1661 2563 sacta
1691 2509 1780 2562 est
1810 2501 2031 2563 Conse-

480 2590 669 2653 cratio
694 2593 898 2657 valida
926 2593 1045 2667 sit,
1075 2613 1153 2655 an
1186 2613 1329 2655 vero
1352 2595 1649 2676 opussitf,
1684 2616 1843 2658 novo
1866 2611 2031 2659 accet-

292 2761 300 2770 ·
385 2760 409 2777 μ
482 2693 585 2766 pto
622 2686 1014 2769 vino-exigua
1043 2707 1205 2769 aqua
1238 2675 1435 2752 diluto
1450 2716 1477 2763 ·,
1511 2690 2033 2753 Consecrationem

148 2761 440 2860 ww&
486 2778 705 2842 iterare
722 2828 739 2855 ,
767 2791 830 2843 et
855 2785 1202 2864 respondet,
1237 2784 1298 2845 in
1325 2785 1727 2857 Sat-ramentis
1750 2786 2031 2848 mutatio-

148 2881 248 2973 Ἠ
270 2877 448 2974 οῗὲιῦζιῑ
491 2895 628 2937 nem
656 2873 942 2939 materiae
969 2898 1088 2954 non
1112 2899 1238 2940 esse
1259 2878 1713 2941 substantialem
1731 2927 1748 2952 ,
1780 2880 1897 2940 nisi
1924 2899 2035 2961 pro

150 2947 432 3057 mue-iana..
489 2970 737 3031 materia
758 3017 773 3043 ,
802 2990 985 3050 quam
1013 2970 1286 3045 Christus
1315 2972 1609 3048 instituit,
1643 2971 1762 3035 alia
1791 2991 2035 3052 prorsus

150 3056 346 3090 ''⁸¹⁸¹'‘’·
488 3064 738 3127 materia
765 3066 1127 3150 adhibeatur
1155 3112 1170 3140 ,
1202 3075 1306 3129 aut
1332 3069 1409 3129 ad
1443 3067 1757 3131 materiam
1787 3087 1824 3130 a
1857 3062 2033 3151 Chri·

460 3168 576 3226 sto
603 3154 941 3224 institutam·
960 3162 1080 3228 alia
1104 3163 1361 3225 addatur
1380 3152 1658 3237 materia,
1687 3164 1845 3245 quae
1866 3164 2033 3234 illam

484 3253 772 3319 destruat.
823 3257 976 3319 Cum
1019 3257 1224 3338 itaque
1274 3255 1483 3319 vinum
1535 3258 2037 3340 propria'Calicis

486 3349 734 3411 materia
759 3350 866 3423 sit,
886 3362 1077 3433 'nogat
1096 3343 1499 3414 'mutationem
1522 3359 1652 3424 esse
1678 3352 2036 3415 substantia-

485 3442 604 3504 lem
632 3491 649 3519 ,
684 3433 798 3505 nisi
828 3465 937 3526 pr.»
970 3445 1112 3506 vino
1138 3442 1500 3526 adhibeatur
1521 3455 1689 3528 ‘aqua
1713 3494 1731 3521 ,
1764 3454 1870 3510 aut
1898 3453 2031 3510 tan-

487 3545 614 3605 tum
638 3535 837 3619 aquae
857 3539 917 3600 in
944 3535 1154 3601 vin'uin
1178 3540 1538 3603 infundatur
1556 3587 1573 3615 ,
1597 3549 1667 3603 ut
1690 3542 2033 3605 destruatur

486 3629 613 3691 vini
650 3633 887 3695 natura.
920 3634 1109 3695 Porro
1136 3643 1198 3696 et
1223 3633 1377 3695 illud
1405 3631 1708 3709 advertit,
1741 3637 1831 3699 ad·
1855 3636 2034 3698 indu-

486 3726 735 3787 cendam
767 3727 1223 3790 substantialem
1271 3729 1663 3793 mutationem
1689 3776 1706 3805 ,
1742 3732 1820 3793 ad
1851 3735 2043 3812 quam²

489 3820 595 3882 ubi
618 3812 700 3882 ⁴de
730 3821 1038 3910 validitate
1067 3822 1432 3904 disceptatur
1456 3827 1482 3898 ,'
1508 3825 1685 3887 unice
1712 3826 2033 3906 respicien-

491 3913 636 3976 dum
665 3923 774 3988 est,
805 3935 925 3977 non
948 3916 1092 3978 satis
1122 3936 1268 3990 esse,
1295 3919 1456 3998 quod
1481 3915 1618 3999 plu's
1636 3938 1829 4000 aquae
1851 3939 2036 4000 quam

493 4008 622 4069 vini
645 4009 707 4069 in
733 4005 991 4072 Calicem
1009 4010 1087 4073 sit
1104 4010 1395 4087 infusum;
1416 4012 1706 4104 ejusmodi
1729 4013 1892 4086 enim
1914 4031 2038 4082 esse

494 4112 688 4183 potest
718 4103 927 4165 vinum
956 4151 972 4178 ‚
1012 4104 1324 4168 ut'robore
1352 4117 1462 4167 su'o
1496 4107 1733 4169 resistat
1756 4154 1773 4181 ,
1809 4116 1870 4169 et
1896 4126 2036 4189 pro-

434 4217 443 4221 *
490 4197 688 4279 priam
714 4210 910 4261 servet
937 4208 1215 4261 naturam
1235 4201 1263 4274 ,'
1281 4201 1559 4281 quamvis
1580 4220 1773 4282 aquae
1798 4221 2036 4263 mensu-

448 4281 453 4288 *
491 4311 560 4355 ra
582 4289 757 4376 longe
781 4296 972 4377 major
992 4294 1091 4368 sit3
1107 4287 1375 4376 palatum
1396 4305 1597 4358 autem
1619 4295 1841 4370 verius,
1855 4315 2036 4376 quam

372 4455 377 4462 ,
490 4390 693 4451 oculos
719 4390 1212 4474 possejudicare,
1243 4379 1493 4454 suamne
1519 4381 2035 4462 naturamvinum

491 4481 851 4560 retinuerit,
889 4485 1026 4547 licet
1062 4485 1197 4565 plus
1227 4505 1423 4566 aquae
1451 4485 1718 4556 infusum
1743 4485 1841 4548 sit.

183 4617 453 4662 amun„
508 4571 523 4623 ἰ
544 4633 577 4650 ,,
605 4579 707 4641 918.
744 4582 832 4641 De
861 4577 1334 4656 Consecratiobis
1367 4579 1563 4642 forma
1586 4581 1716 4662 jam
1748 4576 2038 4661 ‘superius

207 4678 423 4742 ““.““.···1···
494 4655 806 4746 dbcuimus
829 4719 847 4750 ,
880 4673 1139 4736 formam
1169 4673 1642 4736 Consecrationis
1672 4674 1845 4757 panis
1874 4693 2033 4735 esse:
2065 4671 2072 4682 ’

149 4731 453 4833 33:203:ae-
491 4742 619 4847 Hoc
650 4778 726 4827 ese
758 4765 976 4847 Corpus
1000 4789 1228 4836 nucum:
1260 4776 1320 4841 et
1349 4767 1605 4829 formam
1631 4767 2037 4830 Consecratio-

491 4861 589 4922 nis
607 4861 765 4923 vini:
800 4855 915 4923 Hic
943 4875 1019 4923 est
1052 4862 1233 4924 Calix
1258 4865 1552 4942 sanquinis
1581 4865 1707 4923 mei.
1739 4864 1947 4942 Itaque
1969 4880 2040 4925 ea

493 4957 927 5043 persequendo,
959 4967 1115 5037 qu'ae
1143 4958 1220 5018 ad
1247 4957 1483 5038 praxim
1507 4945 1828 5037 pertinent,
1853 4976 2039 5037 quae-

496 5051 687 5112 rimus
713 5050 903 5128 an,ad
935 5040 1251 5114 essentiam
1276 5045 1565 5128 sacrificii
1601 5051 1929 5114 necessaria
1963 5051 2041 5112 sit

490 5141 868 5229 Consecratio
902 5145 1218 5228 utriusque
1238 5145 1348 5221 rei,
1363 5139 1587 5207 scilicet
1606 5144 1780 5227 panis
1801 5152 1869 5207 et'
1886 5145 2038 5220 vini;

496 5229 565 5310 e’t
582 5227 974 5306 neeessariam
997 5229 1398 5320 esse‘dieimJuss
1419 5239 1626 5301 divino
1643 5240 1782 5322 jure
1801 5247 1869 5300 et·
1878 5257 2059 5319 prae-·

496 5319 667 5412 ωρω
692 5339 711 5406 ‚-
741 5321 781 5395 ι·
809 5309 1169 5432 φιδωιιιις
1207 5331 1548 5396 facultatem
1590 5333 1774 5398 habet
1806 5332 2044 5412 dispen-

499 5425 694 5486 sandi.
725 5426 913 5488 Favet
935 5425 1079 5492 huic
1105 5427 1431 5488 sententiae
1450 5427 1512 5488 S.
1545 5425 1917 5488 Tridentina‘
1934 5425 2047 5508 Sy-

3397 565 3495 616 ¹83

2134 712 2195 766 et
2225 692 2593 789 Sanguinem
2626 714 2871 770 aeterno
2901 707 3064 773 Patri
3093 727 3204 771 suo
3232 707 3538 770 Christum
3565 708 3677 769 ob-

2134 799 2340 862 tulisse
2365 804 2479 864 sub
2507 802 2814 883 speciebus
2836 802 3039 883 panis,
3073 810 3133 864 et
3160 802 3322 873 vini,
3348 810 3409 865 et
3429 802 3543 863 sub
3570 801 3676 862 iis-2

2135 894 2273 957 dem
2305 894 2607 977 Symbolis
2633 886 2960 977 utrumque
2987 892 3332 974 exhibuisse
3356 894 3677 975 Apostolis,

2136 1003 2288 1071 quos
2310 992 2472 1052 'tunc'
2492 991 2633 1052 novi
2657 976 3019 1053 Testa‘menti
3041 982 3388 1054 Sacerdotes*
3412 990 3676 1061 creabat,

2136 1084 2331 1165 iisque
2356 1131 2371 1158 ,
2406 1086 2710 1159 eteorum
2737 1086 3179 1170 ‘successoribus
3209 1085 3532 1171 imperasse
3553 1131 3574 1159 ,
3611 1092 3684 1146 ut

2135 1178 2464 1259 utrumque
2485 1180 2800 1242 offerrent:
2827 1180 2956 1241 Hoc
2979 1181 3146 1259 facite
3164 1182 3230 1240 in
3252 1199 3430 1241 meam
3448 1192 3681 1245 comme·

2136 1276 2522 1335 moratio'mm.
2558 1276 2937 1356 Quapropter
2968 1274 3473 1355 quemadmodum
3494 1272 3682 1341 Chri-

2136 1376 2262 1429 stus
2288 1389 2504 1449 panem
2532 1378 2593 1431 et
2620 1370 2827 1432 vinum
2853 1370 3260 1443 consecravit,
3290 1376 3348 1431 et
3366 1360 3544 1451 jussit
3572 1368 3681 1435 Sa-

2136 1464 2402 1525 cerdotes
2424 1465 2716 1526 omnes'id
2740 1464 2955 1537 facere,
2981 1465 3143 1545 quod
3167 1463 3294 1544 ipse
3316 1463 3534 1527 fecerat
3554 1467 3682 1524 tan·

2137 1575 2321 1638 quam
2370 1558 2654 1619 Sacerdos
2693 1559 3019 1619 seeundum
3053 1557 3328 1634 ordinem
3370 1554 3684 1618 Melchise-

2136 1650 2286 1712 dcch
2312 1699 2329 1726 ,
2373 1651 2648 1733 sequitur
2668 1688 2674 1694 ν
2698 1653 2839 1715 inde
2862 1699 2879 1727 ,
2936 1643 3013 1714 ad
3063 1651 3368 1714 sacrificii·
3404 1650 3685 1714 naturam

2137 1755 2196 1808 et
2227 1748 2544 1809 essentiam
2574 1747 3105 1829 omnino-speciem
3135 1744 3458 1827 utramque
3481 1765 3684 1808 neces-

2137 1840 2360 1904 sariam
2387 1861 2543 1918 esse,
2577 1851 2635 1904 et
2661 1842 2908 1923 quidem
2929 1844 3069 1925 jure
3094 1850 3156 1904 et
3185 1848 3498 1925 praecepto
3523 1838 3694 1902 divi·

2141 1955 2241 1996 no.
2274 1936 2368 2009 Ex
2401 1956 2525 2017 quo
2559 1936 2940 2018 perspicuum
2971 1944 3061 1998 est
3082 1982 3099 2010 ,
3147 1935 3376 1998 nemini
3419 1933 3683 2016 permitti

2141 2026 2268 2091 ullo
2292 2030 2469 2091 modo
2498 2049 2698 2111 posse,
2728 2039 2798 2092 ut
2818 2031 2933 2094 sub
2962 2049 3084 2092 una
3109 2037 3345 2093 tantum
3368 2028 3563 2110 specie
3587 2032 3688 2090 ce·'

2140 2124 2636 2199 lebretMissam·;
2671 2145 2811 2188 nam
2845 2124 2908 2186 in
2936 2144 3037 2187 eas
3053 2123 3363 2206 regiones,
3394 2141 3552 2205 quae
3578 2132 3686 2183 ne-

2141 2239 2261 2300 que
2291 2214 2662 2281 frumentum
2687 2265 2703 2292 ,
2740 2217 2936 2301 neq'ue
2969 2220 3180 2283 vinum
3226 2217 3431 2280 ferunt
3455 2263 3472 2291 ,
3511 2216 3688 2279 facile

2118 2318 2376 2377 'tautum
2412 2315 2538 2376 vini
2563 2325 2640 2376 ·et
2670 2315 2846 2395 panis
2870 2313 3236 2396 comportari
3257 2319 3463 2392 *potest
3492 2329 3689 2392 quan-

2143 2406 2274 2472 tum
2297 2407 2500 2471 Missis
2520 2408 2900 2473 celebrandis
2915 2408 3060 2470 satis
3086 2426 3212 2469 esse
3233 2406 3460 2487 pomit,
3475 2414 3551 2466 ut
3579 2424 3689 2466 no·-

2143 2512 2235 2575 tat
2259 2504 2510 2566 Sanctus
2539 2503 2798 2565 Thomas
2826 2504 2882 2565 3.
2919 2522 3049 2583 par.
3082 2510 3312 2583 quaest.
3344 2505 3442 2562 74.
3476 2509 3592 2563 art.
3630 2505 3682 2560 1.

2142 2598 2219 2659 ad
2251 2597 2580 2659 secundum
2608 2617 2623 2657 z
2659 2596 2814 2661 Licet
2845 2616 2961 2656 noa
2993 2598 3058 2655 in
3086 2597 3346 2655 omnibus
3386 2595 3552 2655 terris
3580 2613 3688 2654 na-

2144 2702 2339 2752 scatur
2370 2693 2627 2751 tm'ticum
2655 2739 2671 2763 ,
2703 2682 2754 2751 et
2781 2694 2978 2751 vinum
3005 2700 3239 2761 ,damon
3261 2689 3551 2751 adonim
3577 2697 3708 2756 ter-2

2112 2790 2115 2795 '
2142 2806 2239 2847 ras
2263 2787 2328 2846 dc
2355 2786 2518 2865 sacili
2537 2786 2838 2864 transferri
2857 2790 3055 2865 potest,
3081 2793 3362 2862 quantum
3385 2782 3586 2863 sufficit
3612 2782 3690 2842 ad

2143 2898 2308 2938 usum
2331 2880 2499 2958 hujus
2518 2878 2896 2940 sacramenti.
2920 2878 3104 2952 Quod
3120 2877 3285 2955 enim
3306 2884 3590 2938 narratur
3615 2875 3691 2936 de

2146 2971 2498 3034 Innocentio
2526 2972 2632 3033 IV.
2667 2980 2729 3033 et
2751 2970 3100 3033 Innocentio
3127 2970 3308 3032 vm.-
3328 2974 3430 3031 ebs
3446 2968 3687 3048 dispen-

2133 3080 2338 3138 sasse,
2368 3075 2428 3128 et
2453 3066 2827 3157 permisisse,-
2860 3073 2928 3127 ut·
2951 3065 3024 3153 in(
3044 3060 3353 3145 aliquibus
3377 3062 3690 3125 locis‘Mis-

2144 3181 2208 3223 sa
2240 3163 2355 3223 sub
2383 3162 2576 3243 specie
2605 3161 2777 3242 panis
2803 3161 3098 3225 duntaxat
3123 3158 3572 3240 celebraretur,
3596 3156 3688 3221 sa-

2145 3256 2427 3324 bulosum
2455 3265 2515 3318 et
2553 3255 3032 3318 commentitiam
3067 3251 3197 3317 esse
3233 3253 3383 3316 alibi
3424 3251 3688 3315 ostendi*-

2144 3370 2298 3412 mUS·
2459 3393 2464 3399 -
2593 3383 2598 3390 ·
2789 3365 2813 3394 ζ
2883 3397 2886 3400 -
2937 3380 2942 3386 ·
3621 3383 3626 3408 f

2218 3453 2222 3457 *
2268 3450 2363 3507 19.
2400 3445 2610 3526 Neque
2639 3454 2837 3507 tamen
2859 3444 3008 3506 inde
3035 3442 3421 3524 consequitur
3442 3487 3459 3516 ,
3493 3440 3546 3503 si
3580 3441 3688 3503 Sa-
3728 3449 3772 3492 ⁸³
3801 3440 3897 3506 ιιοὶὸ
3915 3447 4020 3517 ⁸⁸3·-

2145 3533 2357 3616 cerdos
2383 3539 2579 3601 solum
2607 3535 2824 3621 pan'em
2853 3545 3230 3601 consecranet
3254 3583 3272 3611 ‚
3310 3556 3432 3599 non
3472 3535 3685 3602 confici
3727 3515 4021 3606 ξῖἶζᾞζζζῖ

2143 3634 2637 3708 Sacramentum;
2672 3634 3055 3697 formaenim
3081 3631 3554 3708 Consecrationis
3580 3649 3689 3712 pa-
3729 3627 4022 3734 {tay-'2⁸⁸‘

2144 3730 2243 3791 nis
2283 3748 2482 3810 neque
2522 3730 2723 3809 quoad
2763 3726 3165 3811 significatum
3190 3772 3207 3801 ‚
3253 3746 3449 3808 neque
3489 3724 3802 3806 quoad«.
3853 3709 4022 3780 ...ssa

2145 3822 2464 3885 efficaciam
2494 3823 2715 3903 pendet
2736 3842 2774 3885 a
2798 3823 2994 3885 forma
3020 3820 3492 3910 Consecrationis
3517 3818 3687 3890 vini:
3730 3791 4020 3905 ἕζὲᾚωῖζ

2149 3918 2523 3999 proindeque
2555 3918 2766 3980 Hostia
2795 3926 3136 3980 consecrata
3167 3916 3397 3997 Populo
3425 3913 3689 3977 ostendi·
3727 3907 4021 4009 &sem-‚⁸⁸⁶

2150 4022 2250 4075 tur
2269 4013 2576 4076 adoranda
2603 4001 2927 4094 antequam
2949 4011 3119 4074 Calix
3142 4016 3537 4073 consecretur.
3569 4009 3691 4071 lta·

2151 4127 2272 4189 que
2293 4106 2493 4169 valide
2518 4108 2802 4169 Sacerdos
2824 4114 3226 4179 consecraret,
3256 4104 3358 4166 sed
3386 4115 3605 4185 magno
3633 4122 3698 4164 se

2150 4211 2388 4284 peccato
2418 4194 2834 4283 adstringeret,
2860 4209 2934 4263 ut·
2952 4201 3199 4264 abunde.
3213 4197 3534 4270 ostendunt
3558 4195 3690 4259 Sal-

2150 4297 2542 4375 manticense's
2570 4297 2762 4364 Cursu
2794 4296 3009 4359 Moral.
3046 4304 3188 4382 tom.
3224 4299 3279 4356 1.
3311 4300 3483 4355 tract.
3508 4295 3569 4366 4.
3605 4292 3698 4353 De

2148 4387 2411 4453 Sacram.
2446 4390 2862 4453 Eucharistiae
2887 4411 3018 4471 cap.
3069 4394 3127 4452 4.
3166 4393 3474 4470 ‘punct-3.
3511 4385 3690 4448 Missa

2149 4493 2348 4548 tamen
2365 4531 2381 4559 ,
2405 4485 2480 4546 in'
2497 4504 2621 4567 qua
2649 4485 2933 4564 Sacerdos
2962 4481 3470 4548 alterutramrsine
3498 4480 3690 4554 altera

2144 4579 2399 4661 speciem
2426 4586 2798 4641 consecraret
2819 4625 2844 4654 ,
2869 4599 3010 4642 vere
3037 4587 3098 4658 et
3122 4577 3365 4659 proprie
3390 4582 3693 4636 nonesset

2146 4672 2520 4736 Sacrificium
2536 4718 2552 4746 ,
2576 4684 2748 4754 prout
2771 4699 2791 4744 ¹,
2822 4670 3325 4754 quemadmodum
3354 4670 3688 4749 loquuntur

2145 4765 2432 4848 Theologi
2459 4812 2476 4840 ,
2510 4766 2697 4845 Missa
2726 4777 2804 4827 est
2835 4769 2945 4827 talc
2974 4765 3339 4846 Sacrificium
3373 4783 3413 4824 a
3459 4760 3712 4822 Christo.

2146 4861 2388 4920 Domino
2416 4862 2740 4928 institutum
2766 4882 2786 4928 ,·
2822 4860 2986 4940 quod
3013 4858 3142 4921 tuse
3168 4857 3488 4940 probatum
3517 4873 3694 4935 rep&

2151 4954 2273 5028 rias
2302 4952 2364 5012 in
2396 4952 2808 5014 Decisionibus
2834 4952 2990 5013 Cleri
3026 4949 3298 5028 Patavini
3332 4949 3408 5010 de
3433 4953 3687 5010 venera-

2151 5046 2262 5109 bili
2296 5045 2708 5132 Eucharistiae
2730 5044 3122 5107 -Sacramento
3152 5043 3297 5105 anni
3334 5043 3503 5104 ¹708.
3539 5047 3693 5121 quas

2149 5141 2389 5223 collegit
2408 5140 2677 5202 Andreas
2697 5140 3054 5202 Zuccher'ius
3074 5137 3380 5214 societatis
3399 5137 3538 5199 Jesu
3554 5135 3692 5195 Pre-

2150 5237 2354 5319 sbyter
2372 5280 2388 5308 ,
2414 5252 2484 5296 ac
2501 5232 2838 5316 'theologus
2860 5253 2993 5316 pag.
3034 5239 3166 5295 180.
3201 5223 3411 5311 etseq.
3444 5237 3505 5291 et
3529 5227 3690 5308 apud

2152 5329 2372 5400 Suarez
2403 5327 2466 5389 in
2501 5334 2562 5412 3.
2595 5348 2726 5409 par.
2763 5337 2906 5391 tom.
2951 5335 3015 5391 3.
3065 5327 3294 5410 quaest.
3332 5330 3431 5386 83.
3471 5328 3587 5385 art.
3631 5325 3686 5381 1.

2157 5422 2376 5503 disput.
2409 5427 2509 5482 ⁷5.
2545 5429 2684 5484 sect.
2725 5428 2783 5483 6.
2821 5421 3042 5486 ubi-ait
3067 5420 3255 5481 :Dico
3281 5438 3412 5497 erqo
3435 5415 3692 5485 secundo,

500 5519 695 5582 nodus
710 5521 849 5582 sess.
875 5517 973 5581 22.
996 5539 1125 5601 cap.
1160 5525 1213 5582 t.
1243 5527 1401 5602 quae
1416 5520 1605 5594 docet,
1626 5519 1854 5602 Cor'pus
1870 5538 2059 5581 suum
2158 5528 2220 5580 ue
2243 5518 2342 5578 hoc
2372 5517 2699 5599 mysterium
2721 5517 2974 5578 ‘absalme
2991 5516 3066 5576 sit
3095 5531 3289 5575 cmm
3311 5510 3696 5592 Sacrificium,
