4487 6316
472 4475 522 4519 ci
510 4490 604 4533 tingi
590 4473 650 4520 ιΙο
680 4476 758 4518 Sa·

471 4536 607 4576 cerdo!
611 4532 687 4575 out

471 4594 579 4633 eonii
583 4590 720 4634 nemi!

472 4649 575 4706 tigni
533 4648 743 4691 iai-ficator

989 523 1060 573 28
1788 522 1877 572 DF:
1914 521 2399 575 sAcRosANCTO
2443 521 2652 573 MISSAE
2692 523 3068 580 stmmCto

806 684 936 745 cap.
970 669 1027 724 2.
1059 666 1211 726 Alba
1236 685 1362 725 cero
1388 712 1402 735 ,
1439 683 1612 744 quam
1647 666 2003 745 superinduit
2046 664 2320 724 Sacerdos
2348 714 2361 734 ,

804 761 1185 819 vestimentum
1218 762 1444 839 lonyum
1488 770 1539 819 et
1571 762 1780 820 lineum
1804 809 1819 830 ,
1867 762 2127 819 strictum
2170 771 2222 820 et
2260 781 2365 820 un-

804 856 972 935 dique
1014 857 1273 916 clausum
1295 903 1310 925 ,
1340 856 1621 936 siqnificat
1647 853 1868 914 Christi
1900 856 2322 933 inteqerrimam
2342 904 2357 926 ,

804 952 1316 1011 etsacratissimam
1341 999 1356 1020 ,
1386 961 1555 1028 atque
1587 950 2045 1029 perfectissimam
2071 969 2362 1010 conversa·

806 1047 1010 1121 tionem
1036 1093 1051 1114 ,
1093 1064 1266 1124 quam
1302 1047 1373 1105 ab
1405 1046 1573 1103 initio
1611 1065 1748 1105 suae
1788 1046 2159 1123 conceptionis
2191 1065 2364 1123 usque

802 1139 879 1199 ad
913 1138 1082 1219 finem
1119 1140 1182 1197 in
1219 1158 1388 1199 carne
1415 1139 1607 1197 duait.
1643 1137 1914 1199 Sacerdos
1938 1186 1953 1207 ,
1986 1159 2199 1216 quoque
2227 1140 2363 1197 dum

804 1233 903 1291 hoc
928 1252 983 1292 se
1003 1232 1328 1307 indumento
1346 1234 1559 1302 induit,
1588 1244 1839 1312 acceptae
1867 1235 1929 1291 in
1947 1232 2242 1312 Baptismo
2258 1253 2362 1292 no-

802 1347 902 1386 rae
920 1338 974 1387 et
992 1328 1265 1388 candidae
1288 1326 1481 1388 Stolae
1501 1347 1728 1396 memor,
1757 1348 1811 1388 se
1839 1330 2023 1407 ipsum
2040 1328 2358 1397 admoneat,

803 1424 1071 1501 quonmdo
1096 1425 1161 1481 in
1183 1433 1380 1482 sancta
1409 1433 1458 1482 et
1486 1423 1731 1483 candida
1756 1424 2163 1483 conversatione
2194 1424 2366 1501 persi-

802 1528 935 1576 stat.
966 1515 1181 1577 Albam
1216 1516 1396 1578 etiam
1425 1516 1764 1599 significare
1789 1517 1984 1577 cordis
2010 1516 2358 1596 puritatem,

802 1629 985 1690 quam
1034 1610 1291 1689 petimus
1333 1630 1442 1690 per
1486 1611 1638 1691 Agni
1687 1609 2061 1672 imumculati‘
2103 1610 2356 1684 merita,

800 1722 983 1783 quem
1016 1702 1442 1776 sacrificamuS,
1468 1704 1638 1765 docet
1656 1705 1737 1764 Le
1756 1705 2094 1764 Bruntom.
2130 1709 2182 1764 1.
2216 1723 2354 1786 pag.

801 1802 898 1858 45.
930 1796 1225 1859 Observat
1260 1797 1592 1860 Merbaeius
1614 1806 1844 1879 quaaet.
1874 1802 1971 1858 49.
2000 1798 2261 1859 conclus.
2295 1803 2354 1858 2.
2394 1825 2397 1828 ⁴

800 1892 1159 1985 Christianis
1182 1903 1242 1953 et
1269 1892 1687 1954 Sacerdotibus
1714 1892 1893 1954 licere
1922 1892 2280 1953 munditiam
2299 1898 2359 1954 et

797 1986 1120 2049 candorem
1148 1988 1211 2047 in
1231 1987 1536 2070 Sanguine
1555 1986 1707 2068 Agni
1736 1987 1854 2050 sibi
1881 2006 2230 2067 comparare
2254 2005 2362 2066 per

805 2082 1180 2163 Baptismum
1206 2129 1222 2155 ,
1258 2102 1365 2163 per
1391 2081 1828 2143 Paenitentiam
1852 2126 1868 2154 ,
1900 2101 2009 2161 per
2034 2088 2229 2143 cetera
2259 2080 2391 2146 Sa-.

800 2184 1128 2249 eramenta,
1164 2196 1272 2256 per
1295 2176 1628 2237 orationem
1653 2184 1712 2237 et
1738 2176 1934 2237 cordis
1958 2176 2362 2256 compunctio-

804 2291 941 2332 nem
966 2317 982 2343 ,
1021 2290 1127 2351 per
1170 2289 1353 2351 opera
1389 2270 1830 2332 misericordiae
1852 2315 1870 2344 ,
1920 2291 2027 2351 per
2063 2271 2360 2332 virtutum

802 2366 1074 2427 omnium
1110 2374 1113 2378 ’
1139 2366 1490 2446 praesertim
1541 2364 1865 2426 Charitatis
1917 2373 1978 2426 et
2028 2366 2361 2428 Patientiae

797 2459 1173 2533 exercitium,
1205 2479 1274 2521 ac
1296 2459 1560 2540 denique
1585 2480 1693 2539 per
1721 2461 2105 2542 Martyrium.
2139 2462 2361 2524 Suarez

799 2556 862 2617 in
901 2561 956 2615 3.
996 2576 1125 2637 par.
1159 2564 1303 2616 tom.
1340 2561 1397 2617 3.
1433 2563 1664 2636 quaoet.
1694 2562 1794 2616 83.
1830 2555 2051 2636 disput.
2081 2561 2180 2617 82.
2214 2565 2354 2619 sect.

804 2654 862 2708 3.
899 2668 968 2709 ea
999 2650 1347 2728 praesertim
1374 2649 1560 2710 verba
1592 2648 1936 2729 expendens
1968 2695 1984 2721 ,
2020 2649 2239 2712 Dealba
2276 2652 2362 2712 me

801 2742 1039 2802 Domine
1062 2792 1077 2813 ,
1114 2744 1237 2817 ait,
1290 2742 1447 2805 Alba
1479 2743 1676 2805 cordis
1709 2743 2073 2805 munditiam
2125 2745 2362 2828 signifi·

804 2836 965 2909 cari,
994 2847 1056 2898 et
1087 2837 1382 2919 integram
1417 2837 1681 2898 hominis
1708 2839 2025 2920 justitiam.
2056 2838 2196 2901 Soto
2231 2840 2361 2901 loco

803 2931 984 2992 citato
1018 2932 1141 3004 ait,
1175 2951 1280 3012 per
1316 2931 1531 2994 Albam
1557 2932 1731 2993 nobis
1756 2934 1836 2993 ob
1862 2933 2067 2994 oculos
2090 2934 2231 3015 poni
2270 2935 2361 2997 al-

804 3027 945 3088 bam
974 3026 1140 3087 illam
1168 3037 1389 3087 vestem
1413 3072 1429 3099 ,
1466 3046 1587 3107 qua
1620 3026 1901 3088 indutum
1928 3028 2233 3089 Christum
2268 3030 2362 3091 Je-

799 3140 933 3182 sum
969 3121 1251 3183 Herodes·
1270 3120 1478 3183 irrisit.
1521 3121 1688 3183 Idem
1736 3122 1906 3184 (locet
1939 3123 2170 3185 Natalis
2215 3124 2359 3186 Ale-

805 3217 1037 3277 xander
1072 3218 1201 3278 loco
1233 3217 1333 3278 cit.
1372 3236 1435 3277 n.
1471 3222 1527 3278 3.
1560 3225 1743 3298 atque
1768 3218 1923 3278 illud
1955 3219 2162 3294 addit3
2204 3220 2363 3282 Alba

798 3312 879 3371 de
898 3311 1095 3372 cordis
1127 3319 1186 3372 et
1213 3311 1455 3393 linguae
1482 3312 1744 3392 puritate
1766 3359 1782 3385 ,
1819 3314 2068 3394 ejusque
2094 3313 2360 3397 longitu-

802 3405 945 3466 dine
977 3404 1051 3465 de
1084 3406 1519 3485 perseverando
1553 3425 1662 3468 nos
1705 3407 2013 3468 admoneri
2034 3453 2050 3481 ,
2101 3428 2360 3490 eamque

804 3500 1066 3580 denique
1098 3519 1223 3560 esse
1246 3501 1454 3562 beatae
1485 3501 1829 3582 symbolum
1861 3502 2250 3564 aeternitatis.
2284 3504 2363 3565 Et

804 3593 1147 3655 Amalarius
1174 3594 1397 3660 Bedam
1422 3601 1710 3674 sequutus
1735 3593 1883 3656 haec
1916 3595 1991 3656 de
2024 3595 2179 3657 Alba
2212 3596 2361 3657 scri-

807 3685 935 3747 bit:
967 3686 1184 3747 Manus
1211 3699 1259 3746 et
1282 3682 1515 3748 brachia
1538 3689 1689 3747 debet
1710 3691 1981 3769 strinqere
2002 3688 2356 3760 Sacerdotis,

800 3801 871 3841 ne
898 3783 1037 3860 quid
1063 3784 1179 3841 nisi
1216 3784 1358 3842 utile
1397 3783 1621 3860 saciat,-
1648 3794 1873 3862 pectus,
1914 3804 1982 3844 ne
2022 3787 2162 3864 quid
2187 3788 2359 3847 inane

800 3877 1039 3954 coquet,-
1069 3886 1353 3945 ventrem,
1384 3887 1452 3935 ne
1480 3877 1709 3936 delicias
1745 3878 1905 3938 ultra
1931 3879 2154 3938 modum
2186 3899 2359 3959 appe·

801 3970 997 4038 tendo,
1027 3968 1204 4028 Deum
1231 3988 1286 4027 se
1312 3970 1570 4047 qulosum
1595 3969 1773 4046 facere
1798 3981 2155 4049 praesumat,-
2176 3973 2360 4050 subje-

800 4074 893 4124 cta
919 4065 1103 4124 ventri
1137 4064 1422 4133 membra,
1467 4082 1536 4122 ne
1578 4066 1910 4124 lasciviendo
1947 4076 2122 4127 totam
2150 4064 2358 4127 Sacer-

803 4159 1009 4218 dotalis
1058 4159 1282 4218 habitus
1317 4159 1762 4237 pulcritudinem
1808 4171 2214 4240 corrumpant,
2266 4182 2359 4240 qe-

801 4271 923 4312 nua
945 4299 960 4320 ,
1010 4270 1078 4311 ne
1106 4252 1177 4311 ab
1218 4253 1493 4311 orationis
1524 4253 1802 4313 instantia
1852 4263 2107 4334 torpeant
2127 4275 2149 4324 ,·
2194 4256 2361 4316 tibias

804 4357 855 4406 et
874 4347 1032 4426 pedes
1056 4393 1072 4416 ,
1101 4365 1169 4405 ne
1193 4346 1269 4406 ad
1287 4346 1503 4405 malum
1522 4351 1780 4407 currant.

922 4446 979 4499 5.
1013 4439 1164 4514 Cum
1186 4458 1249 4500 se
1274 4438 1530 4521 Cingulo
1557 4441 1888 4523 praecingit
1920 4442 2205 4504 Sacerdos
2237 4442 2356 4504 ait:

806 4532 1114 4616 Praecinqe
1138 4555 1222 4593 me
1238 4533 1475 4594 Domine
1499 4533 1744 4613 Cinqulo
1766 4539 2061 4614 puritatis,
2091 4549 2142 4598 et
2167 4539 2361 4598 emtin-

803 4648 907 4706 que
926 4629 990 4686 in
1020 4629 1219 4687 lumbis
1245 4630 1378 4688 meis
1406 4630 1690 4689 humorem
1721 4631 1972 4690 libidinis
1999 4679 2013 4701 ,
2043 4641 2110 4691 ut
2136 4642 2362 4693 maneat

801 4724 868 4781 in
892 4742 976 4781 me
1000 4723 1183 4782 virtus
1211 4725 1582 4784 continentiae
1609 4734 1661 4784 et
1691 4725 1992 4785 castitatis.
2034 4726 2362 4808 Episcopus

801 4834 949 4877 vero
974 4815 1097 4877 ait:
1146 4814 1455 4897 Praecinqe
1495 4837 1581 4878 me
1605 4818 1844 4879 Domine
1873 4817 2118 4900 Cinqulo
2155 4821 2319 4883 Fidei
2341 4871 2357 4894 ‚

801 4919 857 4969 et
891 4912 1099 4970 virtute
1136 4913 1413 4973 castitatis
1443 4913 1651 4973 lumbos
1690 4933 1832 4975 meos
1857 4963 1872 4985 ,
1916 4925 1970 4976 et
1995 4918 2262 4995 extinque
2297 4919 2363 4977 in

804 5006 880 5064 eis
927 5005 1209 5065 humorem
1239 5007 1491 5066 libidinis
1521 5055 1537 5078 ,
1586 5019 1650 5068 ut
1681 5009 1900 5089 juyiter
1932 5022 2158 5073 maneat
2184 5014 2250 5070 in
2276 5032 2360 5072 me

806 5100 965 5176 viqor
1005 5102 1173 5159 totius
1209 5103 1505 5161 castitatis.
1549 5102 1771 5164 Vertus
1794 5150 1810 5178 ,
1849 5105 1954 5185 qui
1983 5105 2261 5168 nonalia
2286 5105 2362 5169 de

805 5211 980 5255 causa
1005 5202 1178 5272 putat
1202 5193 1525 5274 Cingulum
1553 5196 1826 5259 adhiberi
1854 5245 1870 5273 ,
1900 5219 2084 5280 quam
2105 5220 2228 5282 quo
2253 5201 2364 5263 im·
2401 5195 2404 5198 ¹

803 5287 1082 5367 pediatur
1107 5287 1287 5348 vestis
1319 5307 1397 5348 ne
1423 5290 1612 5364 fluat,
1648 5310 1799 5354 neve
1833 5294 2134 5357 Sacerdoti
2169 5297 2361 5358 offen-

803 5379 1073 5441 diculum
1100 5381 1423 5460 praebeat,
1460 5382 1547 5442 ait
1577 5383 1731 5445 nihil
1768 5385 1921 5447 illud
1956 5388 2034 5448 ad
2060 5389 2361 5451 Ecclesiae

804 5473 977 5535 Ritus
995 5473 1313 5554 pertinere.
1346 5476 1577 5537 Verum
1598 5478 1646 5538 si
1676 5481 1862 5541 verba
1883 5477 2355 5561 perpendantur,

2415 669 2422 686 '
2473 683 2630 744 qum-
2657 666 2940 727 Sami-«his
2969 664 3193 746 profert
3220 684 3356 726 cum
3386 685 3449 725 se
3481 664 3735 745 Cingulo
3759 665 4031 746 praecin-

2469 759 2603 840 git',
2636 761 2810 821 facile
2844 761 3046 840 quivis
3074 760 3406 841 intelliget,
3445 780 3566 820 non
3591 760 3793 821 deesse
3821 762 4029 842 mysti-

2470 875 2605 916 cum
2647 854 3048 937 significatum
3073 898 3088 928 ,
3128 866 3197 916 ut
3229 855 3489 918 advertit
3521 855 3825 935 Tournely
3861 855 4024 917 citat.

2473 958 2617 1018 tom.
2657 956 2714 1010 2.
2749 950 2823 1010 de
2857 951 3117 1011 Sacram.
3154 949 3566 1011 Eucharistiae
3597 959 3712 1010 art.
3761 955 3851 1010 13.
3891 970 4027 1032 pag.

2471 1049 2607 1104 379.
2643 1045 2853 1124 Itaque
2896 1044 3218 1125 Cingulum
3261 1044 3556 1125 significat
3594 1044 4033 1105 sacerdotalem

2470 1139 2902 1199 continentiam
2928 1184 2944 1210 ,
2987 1149 3054 1200 ut
3083 1141 3232 1199 bene
3268 1139 3327 1199 id
3362 1139 3623 1219 explicat
3649 1140 4035 1201 Innocentius

2472 1234 2584 1293 ΠΙ.
2623 1232 2729 1313 qui
2774 1233 2881 1293 lib.
2937 1237 2989 1293 1.
3032 1232 3459 1314 Mysteriorum
3506 1232 3720 1293 Missae
3758 1253 3889 1313 cap.
3931 1238 4027 1292 52.

2470 1328 2619 1388 debet
2647 1328 2819 1398 Alba,
2853 1328 3083 1408 inquit,
3121 1330 3274 1388 circa
3306 1330 3516 1387 lumbos
3552 1348 3699 1389 zona
3716 1330 4028 1408 praecinqi,

2469 1431 2532 1479 ut
2551 1425 2781 1483 castitas
2804 1421 3186 1482 Sacer-dotalis
3205 1423 3384 1482 nullis
3405 1425 3811 1483 incentivorum
3830 1425 4032 1483 stimu-

2473 1515 2541 1573 lis
2569 1516 2907 1575 ‹Itksolcatur
2928 1537 2950 1583 ,·
2977 1517 3125 1575 unde
3146 1534 3167 1575 .·
3197 1514 3335 1575 Sint
3353 1518 3552 1575 lumbi
3577 1518 3746 1576 vestri
3765 1520 4032 1597 praecin-

2467 1611 2585 1679 cti,
2632 1620 2684 1669 et
2735 1612 2990 1670 lucernae
3020 1612 3276 1670 ardentes
3303 1612 3368 1670 in
3406 1612 3908 1673 manibussrestris.
3958 1610 4035 1671 In

2470 1704 2674 1763 lumbis
2692 1697 2839 1764 enim
2861 1707 3102 1765 luxuria
3136 1706 3482 1771 dontinatur.
3517 1704 3626 1766 Sic
3646 1705 3922 1767 Dominus
3939 1709 4032 1767 'lo-

2468 1817 2639 1876 quens
2658 1799 2723 1858 de
2742 1798 2978 1860 Dia-bolo
2997 1801 3344 1879 nianisestat:
3377 1800 3568 1859 Virtus
3585 1802 3724 1879 ejus,
3748 1803 3812 1860 in
3834 1803 4036 1861 lumbis

2470 1893 2587 1970 ejus
2614 1941 2629 1962 ,
2664 1904 2713 1953 et
2740 1895 3014 1972 fortitudo
3039 1898 3200 1955 illius
3243 1898 3306 1954 in
3349 1898 3616 1956 umbilico
3644 1899 3853 1957 centris
3891 1897 4029 1974 ejus.

2467 1986 2677 2047 Debent
2705 2008 2833 2066 erqo
2859 1991 3035 2048 lumbi
3054 1992 3348 2069 praecinqi
3368 2010 3473 2071 per
3506 1992 3908 2052 continentiam
3934 2040 3950 2063 ,
3979 2002 4031 2051 et

2466 2085 2719 2161 succinqi
2760 2102 2860 2163 per
2903 2086 3303 2146 abstinentiam
3327 2104 3348 2144 .·
3396 2082 3667 2163 quoniam
3712 2087 3812 2147 boc
3859 2106 4032 2165 qenus

2469 2176 2751 2236 daemonii
2773 2196 2885 2235 non
2915 2178 3140 2256 ejicitur
3176 2179 3293 2237 nisi
3311 2180 3376 2237 in
3395 2180 3646 2238 oratione
3671 2226 3686 2248 ,
3719 2190 3770 2238 et
3784 2180 4026 2256 jejun-ia.

2468 2268 2627 2331 Hinc
2646 2273 2817 2331 etiam
2837 2270 3134 2351 Apostolus
3159 2273 3246 2332 ait
3266 2292 3288 2330 .·
3319 2270 3483 2333 State
3513 2275 3783 2334 succincti
3821 2276 4031 2336 lutnbos

2467 2375 2670 2425 vestros
2703 2368 2766 2424 in
2806 2368 3057 2437 veritate.
3102 2365 3401 2428 Consonat
3428 2365 3646 2429 Suarez
3678 2367 3808 2429 loco
3835 2369 3934 2429 cit.
3973 2379 4034 2432 et

2468 2458 2839 2521 Titelmanus
2885 2459 2990 2540 qui
3026 2479 3157 2539 cap.
3199 2466 3257 2521 3.
3301 2460 3425 2541 Ipse
3475 2483 3691 2541 quoque
3716 2512 3732 2533 ,
3761 2463 4028 2544 inquit,

2470 2553 2742 2615 Sa'ccrdos
2768 2575 2840 2615 cx
2860 2556 2957 2615 hoc
2985 2557 3257 2634 intelliqit
3286 2603 3301 2625 ,
3331 2558 3599 2634 quomodo
3616 2559 3798 2635 juxta
3819 2557 4032 2621 Salva·

2469 2653 2604 2709 toris
2626 2652 2851 2710 verbum
2882 2652 3091 2710 lunibos
3127 2652 3315 2711 debeat
3342 2653 3695 2731 praecinqere
3718 2702 3734 2723 ‚
3766 2664 3934 2732 atque
3961 2658 4035 2717 ab

2467 2746 2622 2804 omni
2639 2747 2829 2805 carnis
2869 2746 3112 2806 luxuria
3149 2748 3462 2825 appetitum
3488 2747 3731 2824 frenare.
3766 2748 4031 2822 Quidam

2468 2837 2566 2919 pie
2592 2847 2806 2919 putant
2830 2839 3087 2921 Cingulo
3107 2840 3312 2902 funem
3334 2840 3685 2922 significari,
3708 2861 3832 2923 quo
3858 2844 4030 2906 Chri-

2468 2940 2595 2992 stus
2614 2932 2784 2994 Jesus
2807 2941 2896 2994 est
2916 2932 3197 3015 alligatus
3216 2934 3280 2993 in
3309 2934 3505 2996 horto.
3524 2936 3768 2998 ltaSoto
3786 2936 3900 2999 loc.
3928 2939 4030 3001 cit.

2467 3026 2697 3088 Natalis
2743 3022 3086 3088 Alexander
3135 3027 3243 3089 lib.
3297 3034 3356 3088 2.
3402 3029 3482 3091 ‘de
3531 3030 3796 3093 Sacram.
3836 3033 4028 3095 Euch.

2466 3129 2581 3183 art.
2624 3126 2680 3182 3.
2718 3140 2888 3183 num.
2916 3125 2974 3183 4.
3009 3122 3091 3183 Le
3126 3123 3293 3184 Brun
3315 3130 3458 3185 tom.
3503 3126 3555 3185 1.
3589 3145 3726 3209 pag.
3754 3131 3852 3189 45.
3882 3129 4037 3191 Mer-

2471 3217 2671 3278 hesius
2697 3217 2768 3277 in·
2792 3223 2849 3278 3.
2888 3237 3017 3298 par.
3058 3217 3341 3280 Summae
3374 3218 3752 3284 Christianae
3793 3232 4025 3303 quaest.

2469 3316 2565 3373 49.
2593 3311 2658 3394 S.
2700 3312 2892 3373 Tertia
2922 3311 3240 3373 Conclusio.
3323 3373 3326 3374 γ

2587 3413 2644 3467 6.
2684 3406 3012 3487 Episcopus
3045 3406 3193 3467 dum
3227 3406 3486 3472 sinistro
3496 3408 3858 3472 Subdiaconi
3888 3413 4031 3476 hra-
4120 3442 4300 3511 κει-ῃ...
4274 3444 4369 3487 nunt

2467 3499 2605 3561 chio
2632 3499 3014 3580 Manipulum
3040 3507 3228 3580 aptat,
3260 3499 3406 3562 haec
3433 3501 3664 3580 profert
3687 3505 3898 3567 verba.
3921 3506 4034 3569 Ae-
4071 3512 4131 3555 ‘¹¹¹
4102 3498 4233 3544 '¹⁸⁶⁸
4210 3514 4316 3559 ⁸⁸⁸⁰·
4276 3500 4368 3544 ‘’¹“

2466 3597 2584 3674 cipe
2610 3595 3008 3674 Manipulum,
3031 3614 3130 3674 per
3156 3614 3318 3672 quem
3340 3596 3671 3674 desiqnatur
3683 3599 3912 3676 fructus
3933 3603 4029 3662 bo-

2466 3708 2669 3747 norum
2698 3708 2968 3767 operum:
2999 3689 3076 3749 Et
3099 3687 3384 3748 Sacerdos
3412 3688 3654 3751 Missam
3690 3691 4028 3755 celebratu-

2469 3801 2574 3842 rus
2597 3827 2612 3855 ,
2663 3782 2907 3863 quando
2940 3781 3126 3846 sumit
3157 3780 3538 3863 Manipulum
3564 3829 3581 3857 ,
3618 3784 3718 3846 «ait
3745 3805 3759 3846 ε
3796 3787 4032 3850 Mereor

2466 3876 2704 3937 Domine
2725 3888 2955 3957 portare
2994 3876 3367 3955 Manipulum
3399 3880 3565 3958 fletus
3591 3888 3645 3938 et
3680 3881 3891 3942 doloris
3916 3930 3931 3953 ,
3964 3893 4033 3944 ut

2466 3992 2594 4032 cum
2631 3974 2983 4032 exultatione
3007 3972 3278 4051 recipiam
3311 3973 3608 4062 mercedem
3629 3976 3857 4036 labor-ils.
3887 3978 4033 4058 Epi-

2469 4085 2680 4147 scopus
2711 4074 2912 4127 autem
2933 4110 2949 4139 ,
2979 4084 3118 4126 cum
3133 4064 3198 4125 ei
3226 4073 3438 4146 aptant
3462 4065 3725 4129 Ministri
3755 4071 4030 4153 Manipu-

2469 4159 2595 4220 lum
2622 4205 2638 4233 ,
2686 4159 2867 4220 Missa
2893 4160 3022 4240 Jam
3070 4157 3304 4238 incepta
3328 4204 3344 4232 ,
3395 4159 3629 4221 nullam
3678 4161 4029 4226 Orationem

2466 4253 2631 4328 dicit,
2661 4274 2739 4315 ne
2767 4254 2982 4315 Missae
3003 4272 3214 4314 cursus
3240 4253 3739 4335 interrumpatur.
3771 4259 3865 4320 Ad
3888 4279 4029 4321 eum

2468 4367 2649 4427 quem
2672 4349 2938 4411 diximus
2956 4347 3358 4429 significatum
3388 4348 3604 4412 alludit
3626 4351 3934 4416 Honorius
3962 4356 4029 4418 in

2466 4443 2716 4506 Gemma
2742 4444 2981 4506 animae
3003 4443 3111 4504 tib.
3157 4448 3210 4504 1.
3236 4464 3369 4524 cap.
3394 4449 3533 4506 208.
3568 4445 3840 4509 Sacerdos
3868 4449 4030 4514 Pha-

2465 4561 2662 4601 nonem
2687 4542 2752 4600 in
2780 4542 3079 4601 sinistrum
3103 4541 3397 4601 brachium
3417 4543 3581 4621 ponit
3606 4589 3622 4612 ‚
3652 4545 3754 4621 qui
3779 4554 3833 4605 et
3862 4565 4026 4627 map-

2461 4638 2609 4718 pula
2634 4645 2683 4695 et
2704 4636 3002 4696 mdarium
3017 4645 3264 4695 vocatur
3287 4682 3304 4704 ,
3331 4655 3437 4716 per
3462 4637 3612 4714 quod
3637 4640 3775 4699 olim
3809 4643 3984 4703 sudor
4009 4691 4025 4714 ‚

2468 4741 2517 4789 et
2540 4732 2772 4790 narium
2796 4729 2979 4789 sordes
3005 4729 3458 4807 exterqebantur.
3486 4729 3601 4790 Per
3626 4733 3726 4794 hoc
3739 4740 4029 4814 poeniten-

2469 4826 2554 4883 tia
2570 4824 2916 4902 intelliqitur
2940 4870 2955 4893 ,
2986 4842 3102 4901 qua
3128 4823 3453 4900 quotidiani
3470 4842 3722 4886 excessus
3752 4829 3898 4890 labes
3925 4850 4029 4893 ex-

2469 4920 2729 4996 terqitur.
2782 4916 2910 4977 Hoc
2948 4919 3012 4976 in
3036 4919 3267 4977 sinistro
3295 4917 3522 4978 brachio
3551 4930 3806 4997 qestatur
3833 4972 3849 4993 ,
3885 4928 4026 5003 quia

2467 5015 2531 5072 in
2557 5014 2843 5092 praesenti
2868 5023 3103 5091 tempore
3129 5022 3360 5073 tantum
3377 5014 3499 5073 vita
3522 5025 3719 5076 nostra
3742 5021 4028 5097 poeniten-

2467 5110 2552 5168 tia
2595 5109 2953 5168 emundatur.
2993 5106 3159 5167 Idem
3187 5106 3273 5168 ait
3298 5107 3520 5169 Suarez
3552 5108 3682 5171 loco
3711 5110 3913 5174 citato.
3950 5115 4030 5179 Et

2469 5203 2616 5264 Sotov
2648 5203 2756 5263 ubi
2803 5221 2987 5282 supra
3017 5202 3188 5263 docet
3217 5248 3232 5276 ,
3284 5202 3666 5283 Manipulum
3704 5224 3739 5265 e
3780 5206 4029 5280 brachio

2466 5296 2824 5377 pendentem
2853 5295 3098 5357 vincula
3130 5295 3472 5378 significare
3496 5343 3512 5371 ,
3551 5296 3775 5378 quihus
3808 5300 4029 5366 iterum

2468 5390 2741 5451 Christus
2787 5389 3069 5472 alligatus
3093 5398 3221 5465 est,
3258 5409 3398 5452 cum
3431 5390 3510 5453 ad
3543 5391 3889 5456 columnam
3929 5398 4033 5463 fla-

2466 5484 2784 5566 gellandus
2825 5493 2996 5549 esset.
3035 5485 3210 5560 Quod
3250 5492 3475 5566 spectat
3512 5488 3589 5551 ad
3629 5488 3920 5553 moralem
3946 5489 4029 5555 si-
