4487 6316
980 502 1067 555 XX

790 648 919 705 illm
951 648 1388 728 blasphemantes
1430 662 1590 712 tuum
1617 671 1814 712 nomen
1840 700 1854 722 ‚
1887 659 1940 712 et
1971 653 2050 715 sic
2080 650 2265 712 dicens
2301 652 2380 727 (1)
2418 649 2726 712 obdormivi
2763 667 2941 732 supra
2974 648 3183 714 librum
3206 696 3221 719 ,
3255 657 3307 709 et
3341 647 3596 713 videbam
3621 651 3809 711 virum
3840 668 4018 710 senem

789 743 866 801 atl
892 763 974 802 me
1003 746 1305 805 venientem
1329 794 1345 815 ,
1382 748 1752 828 dicentemque
1785 754 1887 824 (2).
1936 748 2164 827 Alsonse
2189 795 2206 819 ,
2239 749 2448 828 confide
2473 795 2488 817 ,
2521 749 2702 806 vinces
2728 747 2876 806 enim
2902 745 3302 823 debellabisque
3342 744 3515 823 Reqes
3544 746 3678 803 istos
3721 745 3970 825 infideles
4001 792 4016 814 ,

789 848 1135 915 conte-resque
1158 843 1467 918 potentiam
1497 843 1730 901 illorum
1755 890 1770 912 ,
1808 853 1858 902 et
1887 841 2165 900 Dominus
2193 851 2380 900 noster
2407 843 2648 901 ostendet
2689 862 2743 901 se
2796 841 2920 901 tibi.
2955 839 3111 899 Dum
3144 840 3276 899 baec
3306 840 3462 899 video
3487 886 3503 908 ,
3533 840 3744 899 accedit
3770 837 4020 899 loannes

789 927 1182 991 Ferdinandus
1212 934 1276 991 de
1302 932 1485 994 Sousa
1522 938 1601 1008 (3)
1628 983 1643 1005 ,
1678 937 1953 995 vassallus
1984 936 2049 994 de
2079 955 2196 994 meo
2235 936 2490 995 cubiculo
2514 984 2529 1006 ‚
2564 937 2824 1013 dixitque
2865 954 3029 1014 surqe
3059 935 3277 994 domine
3307 935 3407 992 mi.
3453 933 3622 993 Adest
3659 934 3818 993 homo
3853 950 4022 992 senex

788 1024 1016 1100 vultque
1043 1034 1092 1084 te
1119 1025 1340 1103 alloqui
1358 1047 1380 1094 ,·
1409 1028 1765 1106 inqrediatur
1792 1076 1806 1098 ‚
1840 1030 1972 1087 ‹tia-t
1998 1076 2012 1097 ‚
2041 1030 2094 1089 si
2117 1027 2298 1109 fidelis
2321 1040 2419 1089 est.
2446 1025 2945 1110 Inqrmusad‘nae
2969 1077 2985 1100 ,
3019 1030 3223 1108 aqnovi
3246 1048 3352 1087 esse
3380 1030 3548 1087 illum
3575 1048 3738 1106 quem
3760 1030 3823 1088 in
3851 1028 4019 1086 visio·

786 1136 855 1176 ne
885 1119 1135 1179 videram
1159 1168 1175 1190 ,
1211 1122 1471 1202 clia-itque
1501 1124 1644 1182 milti
1667 1143 1687 1181 .·
1720 1122 1956 1183 Domine
1981 1172 1996 1194 ‚
2028 1125 2166 1182 bono
2194 1123 2386 1182 animo
2410 1137 2520 1185 esto
2545 1173 2561 1197 ,
2594 1128 2776 1186 vinces
2804 1172 2820 1196 ,
2851 1135 2903 1185 et
2930 1143 3045 1185 non
3077 1125 3334 1184 vinceris.
3370 1122 3622 1183 Dilectus
3652 1143 3706 1182 es
3734 1120 3977 1181 Domino
4006 1169 4021 1191 ,

780 1213 968 1290 posuit
999 1216 1149 1272 enim
1176 1234 1342 1295 super
1374 1226 1445 1286 te,
1480 1228 1528 1276 et
1560 1238 1726 1297 super
1748 1238 1935 1285 'semen
1968 1230 2129 1276 titiam
2152 1226 2277 1297 post
2313 1226 2361 1275 tc
2379 1222 2564 1280 oculos
2583 1221 2996 1280 misericordiae
3025 1224 3196 1289 suae,‘
3215 1238 3387 1297 usque
3418 1220 3482 1276 in
3506 1229 3728 1279 sertam
3754 1218 4027 1277 decimam

781 1309 1192 1384 qenerationem
1214 1357 1231 1380 ,
1266 1312 1329 1369 in
1358 1331 1473 1391 qua
1504 1315 1896 1373 attenuabitur
1918 1314 2104 1393 proles
2130 1359 2147 1382 ,
2179 1311 2275 1371 sed
2304 1313 2367 1369 in
2395 1316 2521 1394 ipsa
2547 1323 2845 1377 attenuata
2869 1315 2984 1394 ipse
3014 1313 3290 1392 respiciet,
3324 1322 3375 1371 et
3399 1312 3637 1379 ridebit,-
3671 1312 3784 1391 ipse
3813 1330 3898 1368 me
3915 1310 4021 1388 ju·

782 1401 868 1460 bet
898 1403 1150 1463 indicare
1178 1406 1282 1463 tibi
1307 1453 1323 1474 ,
1353 1407 1501 1484 quod
1524 1408 1661 1466 dum
1688 1408 1938 1468 audieris
1960 1409 2212 1484 sequenti
2239 1417 2393 1465 nocte
2426 1407 2876 1467 tintinnabulum
2929 1411 3006 1481 (4)
3059 1407 3346 1465 romitorii
3385 1406 3495 1464 mei
3525 1406 3589 1463 in
3627 1423 3737 1482 quo
3765 1404 3897 1463 visci
3936 1422 4022 1461 se-

781 1498 1029 1573 :cayinta
1050 1518 1151 1557 sex
1180 1500 1348 1558 annis
1385 1502 1533 1559 inter
1576 1501 1824 1581 infideles
1869 1512 2119 1560 sert-atus
2163 1500 2353 1577 facore
2395 1502 2682 1562 Altissimi
2712 1502 3017 1579 eqrecliaris
3063 1510 3233 1560 ezrtra
3280 1497 3489 1560 Castra
3514 1546 3530 1570 ,
3577 1500 3727 1558 solus
3756 1499 3875 1557 sine
3921 1516 4021 1558 ar-

783 1590 946 1649 bitris
997 1596 1075 1665 (5)
1103 1639 1118 1662 ‚
1171 1594 1449 1654 ostendere
1481 1596 1585 1653 tibi
1616 1597 1882 1675 pietatem
1923 1615 2088 1674 suam
2129 1595 2391 1653 multam.
2440 1594 2672 1665 Parui,
2720 1604 2771 1653 et
2813 1603 3123 1653 reverenter
3155 1595 3405 1657 interra
3444 1594 3657 1673 positus
3686 1639 3701 1662 ,
3732 1602 3781 1651 et
3815 1593 4021 1650 nunci-

778 1703 879 1742 um
925 1694 976 1744 et
1020 1687 1326 1746 mittentem
1372 1698 1662 1748 veneratus
1688 1708 1814 1747 sum
1836 1736 1853 1758 ,
1888 1698 1939 1747 et
1964 1689 2100 1746 dum
2122 1690 2185 1746 in
2214 1687 2467 1749 oratione
2489 1691 2703 1769 positus
2724 1689 2970 1747 sonitum
2993 1698 3340 1767 empse-tarem
3366 1734 3382 1756 ,
3412 1687 3654 1747 secunda
3679 1687 3853 1745 noctis
3877 1687 4022 1763 riqi-

784 1779 867 1838 lia
892 1781 1341 1840 tintinnabulum
1362 1783 1562 1842 audiri
1587 1831 1602 1852 ,
1638 1793 1689 1842 et
1711 1803 1833 1842 ense
1860 1831 1876 1853 ‚
1909 1794 1959 1843 et
1983 1792 2137 1842 scuto
2162 1794 2420 1843 armatus
2450 1803 2693 1862 eqressus
2718 1801 2843 1840 sum
2873 1792 3042 1841 extra
3075 1792 3264 1855 castra
3288 1828 3305 1852 ,
3335 1782 3558 1859 vidique
3592 1781 3775 1839 subito
3794 1800 3832 1841 a
3857 1789 4023 1860 paru

782 1873 970 1933 destra
991 1876 1259 1934 orientem
1284 1896 1467 1936 versus
1500 1878 1797 1939 micantem
1818 1879 2049 1938 radium
2074 1925 2090 1948 ,
2124 1888 2173 1937 et
2210 1878 2501 1957 paulatim
2529 1878 2901 1957 splendescens
2927 1877 3195 1936 crescebat
3243 1877 3308 1934 in
3346 1876 3531 1953 majus
3556 1922 3573 1947 ,
3608 1885 3658 1935 et
3682 1875 3818 1933 dum
3839 1874 4025 1933 oculos

782 1968 858 2026 ast
880 1969 1045 2027 illam
1072 1980 1294 2048 partem
1324 1972 1614 2049 efficaciter
1651 1993 1799 2053 pono
1820 1994 1843 2040 ,·
1875 1993 1988 2032 ecce
2016 1974 2134 2052 ipso
2164 1974 2328 2032 radio
2378 1977 2456 2047 (ὃ)
2506 1973 2720 2032 clarior
2761 1971 2873 2031 sole
2898 2018 2915 2043 ,
2961 1972 3184 2049 siqnum
3218 1969 3418 2030 Crucis
3460 1971 3671 2050 aspicio
3696 2016 3713 2039 ‚
3746 1979 3797 2028 et
3826 1967 4024 2029 Jesum

785 2057 1077 2121 Christum
1108 2064 1171 2122 in
1194 2084 1256 2123 eo
1283 2067 1625 2146 crucifixum
1646 2114 1665 2138 ,
1696 2078 1746 2126 et
1774 2086 1848 2127 ecc
1871 2087 2011 2138 una,
2045 2077 2093 2126 et
2118 2067 2302 2126 altera
2328 2079 2492 2146 parte
2533 2066 2957 2125 multitudinem
2985 2063 3270 2125 Juvenum
3311 2064 3861 2133 candidissimorum,
3887 2082 4022 2141 quos

782 2151 1021 2215 Sanctus
1064 2155 1305 2235 Anqelos
1348 2159 1517 2236 [uisse
1560 2161 1740 2220 credo.
1796 2158 1988 2235 Quam
2029 2161 2294 2219 visionem
2336 2160 2472 2219 dum
2514 2160 2699 2230 video,
2734 2160 2976 2239 deposito
3007 2179 3129 2218 ense
3153 2204 3170 2230 ,
3204 2169 3252 2217 et
3284 2168 3437 2217 scuto
3463 2204 3480 2227 ,
3511 2159 3828 2236 relictisque
3854 2159 4020 2216 cesti·

782 2250 881 2307 bus
906 2296 923 2320 ,
954 2260 1005 2309 et
1031 2253 1416 2335 calceamentis
1441 2302 1458 2324 ,
1497 2274 1712 2333 pronus
1757 2257 1819 2313 in
1865 2264 2074 2315 terram
2118 2274 2201 2313 me
2238 2253 2478 2333 projicio
2502 2301 2518 2324 ‚
2559 2254 2969 2332 lachrymisque
2998 2254 3217 2313 abunde
3261 2254 3442 2311 missis
3469 2299 3486 2321 ,
3514 2253 3672 2332 caepi
3696 2271 3895 2331 roqare
3915 2270 4023 2330 pro

780 2343 1183 2420 confortatione
1232 2349 1606 2408 vassallorum
1658 2369 1906 2408 meorum
1931 2395 1948 2420 ,
2000 2350 2237 2427 dixique
2290 2348 2441 2408 nihil
2487 2347 2745 2406 turbatus
2768 2365 2789 2405 .·
2825 2343 2983 2420 Quid
3017 2358 3079 2405 tu
3122 2346 3198 2406 acl
3240 2366 3324 2404 me
3351 2392 3365 2413 ‚
3415 2344 3655 2403 Domine
3680 2350 3709 2402 ?
3757 2342 4025 2404 Credenti

778 2439 927 2496 enim
955 2438 1121 2519 fidem
1152 2443 1232 2500 vis
1254 2445 1490 2520 ‚auqeri?
1519 2444 1719 2507 melius
1749 2452 1912 2504 estut
1944 2453 1993 2502 te
2024 2443 2248 2503 videant
2286 2441 2555 2523 infideles,
2591 2451 2641 2500 et
2671 2440 2901 2502 credant
2932 2459 3103 2517 quam
3126 2460 3245 2518 eqo,
3271 2441 3373 2518 qui
3401 2459 3437 2499 a
3465 2438 3613 2516 sonte
3643 2436 4023 2518 Baptismatis

780 2543 829 2592 te
871 2532 1056 2593 Deum
1108 2534 1313 2596 Verum
1346 2538 1537 2619 filium
1590 2537 1837 2616 Virqinis
1864 2584 1883 2613 ,
1926 2549 1976 2598 et
2020 2535 2218 2597 Patris
2263 2536 2479 2597 aeterni
2520 2535 2724 2611 aqnoci
2750 2580 2768 2604 ,
2814 2544 2863 2592 et
2895 2553 3148 2610 aqnosco.
3197 2532 3353 2593 Erat
3396 2543 3585 2593 autem
3631 2530 3800 2601 Cmeoe
3842 2533 4024 2593 mirae

777 2629 1215 2705 maqnitudinis,
1265 2642 1316 2691 et
1338 2633 1553 2692 elevata
1581 2652 1620 2693 a
1653 2644 1805 2694 terra
1834 2633 2000 2711 quasi
2030 2632 2208 2692 decem
2237 2631 2469 2690 cubitos.
2504 2627 2780 2687 Dominus
2822 2637 3011 2687 autem
3052 2628 3217 2686 suavi
3260 2628 3403 2685 vocis
3445 2646 3576 2685 sono
3602 2673 3620 2696 ,
3662 2645 3825 2704 quem
3867 2624 4021 2685 indi-

780 2741 923 2800 qnae
965 2743 1130 2785 aures
1175 2745 1325 2785 meae
1364 2737 1727 2806 perceperunt
1772 2727 1925 2786 dixit
1970 2727 2133 2786 milii.
2187 2725 2322 2786 Non
2366 2732 2427 2783 ut
2476 2732 2633 2781 tuam
2652 2721 2817 2801 fidem
2862 2739 3122 2797 auqerem
3153 2720 3251 2777 hoc
3297 2719 3455 2777 modo
3485 2719 3735 2799 apparui
3779 2719 3905 2788 tibi,
3929 2720 4023 2778 sed

782 2828 846 2875 ut
889 2820 1303 2878 corroborarem
1343 2840 1438 2879 cor
1488 2832 1650 2880 tuum
1691 2823 1756 2880 in
1798 2821 1898 2880 hoc
1928 2824 2009 2896 (7)
2051 2822 2308 2901 conflicto
2333 2868 2349 2892 ,
2391 2827 2441 2878 et
2484 2816 2658 2875 initia
2710 2814 2892 2893 Regni
2923 2814 3010 2872 tui
3051 2832 3227 2893 supra
3264 2814 3492 2893 firmam
3528 2823 3752 2893 petram
3793 2814 4018 2873 stabili·

781 2932 919 2972 rem.
975 2910 1203 2993 Confide
1232 2912 1550 2992 Aldesonse,
1596 2935 1709 2975 non
1750 2916 1930 2975 solum
1972 2917 2121 2976 enim
2162 2916 2262 2974 hoc
2304 2921 2581 2974 certamen
2623 2911 2804 2969 vinces
2854 2913 2934 2984 (8)
2972 2956 2988 2979 ‚
3034 2908 3129 2967 sed
3172 2927 3355 2967 omnes
3385 2908 3528 2968 alios
3558 2908 3619 2965 in
3642 2907 3842 2984 quibus
3886 2926 4045 2987 con-t

789 3016 881 3066 tra
915 3008 1167 3068 inimicos
1213 3006 1413 3068 Crucis
1451 3012 1834 3089 puynaeeris,
1877 3021 2091 3089 qentem
2136 3020 2294 3070 tuam
2336 3006 2579 3069 invenies
2623 3004 2871 3065 alacrem
2911 3004 2987 3064 ad
3031 3003 3279 3074 bellum,
3325 3011 3376 3061 et
3421 3001 3660 3080 sortem,
3703 3010 4017 3079 petentem,

788 3113 855 3160 ut
897 3103 999 3162 sub
1044 3103 1207 3181 Reqis
1254 3107 1474 3165 nomine
1519 3106 1582 3164 in
1625 3106 1729 3166 bac
1766 3125 1964 3186 puqna
2021 3105 2406 3184 inqrediaris,
2459 3120 2557 3161 nec
2612 3099 2868 3169 dubites,
2911 3098 3005 3158 sed
3052 3098 3331 3178 quidquid
3369 3097 3634 3179 petierint
3683 3095 3848 3155 libere
3887 3115 4020 3155 eon-

787 3195 931 3257 cede.
980 3196 1108 3275 qu
1153 3199 1301 3257 enim
1333 3199 1688 3278 aedificator,
1735 3209 1783 3258 et
1831 3199 2132 3280 dissipator
2174 3196 2588 3276 Imperimwn,
2628 3204 2681 3254 et
2724 3194 3043 3272 Reynorum
3080 3214 3226 3254 sum.
3266 3191 3401 3252 Volo
3447 3192 3595 3251 enim
3637 3191 3700 3250 in
3745 3200 3819 3260 te,
3866 3200 3914 3251 et
3957 3191 4022 3250 in

785 3292 990 3349 semine
1034 3301 1129 3350 tuo
1176 3293 1473 3371 imperium
1517 3292 1661 3350 milti
1704 3293 1981 3362 stabilire,
2027 3302 2090 3351 ut
2137 3291 2287 3368 desei
2289 3300 2425 3350 atur
2471 3309 2669 3349 nomen
2706 3309 2888 3348 uicum
2940 3293 3017 3362 (9)
3070 3288 3134 3345 in
3165 3298 3386 3347 exteras
3408 3297 3611 3364 qentes.
3645 3283 3729 3344 Et
3754 3294 3820 3343 ut
3847 3304 4023 3363 aqna·

788 3395 946 3444 want
988 3405 1313 3445 successores
1358 3388 1445 3445 tui
1483 3387 1734 3446 datorem
1773 3386 1956 3464 Reqni
1986 3390 2152 3461 (10),
2188 3387 2407 3463 insiqne
2460 3394 2620 3444 tuum
2664 3402 2738 3442 ea:
2776 3383 2982 3461 pretio,
3029 3400 3139 3460 quo
3181 3400 3277 3458 eqo
3322 3381 3634 3439 humanum
3675 3398 3846 3457 qenus
3889 3380 4021 3449 emi,

789 3486 840 3535 et
884 3494 959 3536 ex
999 3496 1099 3548 eo,
1145 3497 1254 3554 quo
1297 3497 1391 3555 eqo
1434 3498 1473 3539 a
1515 3477 1751 3539 ludaeis
1796 3490 2008 3558 emptus
2049 3497 2175 3536 sum
2216 3496 2539 3556 compones,
2583 3488 2634 3537 et
2679 3478 2786 3536 erit
2828 3476 2972 3534 milti
3002 3474 3256 3552 Reqnum
3283 3474 3719 3553 sanctificatum,
3764 3471 3871 3552 fide
3910 3491 4022 3551 pu-

786 3587 961 3640 rum,
1007 3580 1059 3630 et
1099 3571 1308 3650 pietate
1351 3571 1811 3649 dilectum.qu
1853 3582 1914 3631 ut
1963 3572 2096 3631 haec
2138 3570 2380 3640 audiri,
2427 3573 2588 3630 humi
2607 3580 2926 3651 prostratus
2958 3569 3237 3638 adoravi,
3283 3567 3486 3626 dicens.
3541 3564 3760 3640 Quibus
3805 3566 4022 3625 meritis

788 3659 1027 3723 Domine
1071 3673 1291 3723 tantam
1331 3666 1476 3723 mihi
1523 3667 1834 3725 aritiuntias
1853 3667 2142 3746 pietatem,
2190 3674 2239 3723 et
2269 3674 2333 3722 tu
2375 3665 2439 3724 in
2483 3686 2605 3727 moa
2640 3665 2821 3744 prole,
2869 3682 3041 3742 quam
3057 3662 3365 3741 promittis
3411 3661 3595 3720 oculus
3642 3660 3898 3738 beniqnos
3920 3678 4023 3738 po—

786 3774 897 3824 ne,
926 3765 1244 3834 qentemque
1272 3755 1755 3835 Portuqallensem
1784 3758 2001 3818 saltam
2030 3757 2248 3817 custodi
2275 3760 2437 3830 (1¹)
2475 3769 2523 3819 et
2561 3760 2613 3818 si
2642 3769 2839 3819 contra
2881 3777 2967 3816 eos
2999 3755 3225 3834 aliquid
3249 3753 3545 3835 parareris
3574 3754 3833 3822 malum,
3878 3760 4026 3811 terte

789 3850 961 3908 illum
998 3852 1182 3929 potius
1224 3853 1287 3909 in
1330 3871 1413 3911 me
1439 3899 1456 3921 ,
1490 3863 1538 3911 et
1585 3854 1647 3911 in
1688 3872 2013 3912 successores
2058 3872 2199 3912 meos
2227 3898 2243 3922 ,
2294 3863 2346 3910 et
2385 3855 2659 3933 populum
2685 3900 2702 3923 ‚
2754 3871 2916 3930 quem
2960 3859 3248 3928 tamquam
3294 3848 3526 3906 unicum
3571 3847 3756 3927 filium
3801 3845 3979 3923 diliqo
4004 3893 4020 3913 ,

789 3935 1025 4004 absolve.
1061 3945 1332 4006 Annuens
1361 3945 1638 4007 Dominus
1669 3949 1854 4026 inquit
1879 3967 1899 4007 .·
1930 3968 2044 4007 non
2073 3948 2281 4007 recedet
2311 3948 2383 4007 ab
2413 3949 2490 4005 eis
2514 3993 2530 4017 ,
2563 3967 2736 4025 neque
2767 3966 2804 4007 a
2829 3955 2878 4005 te
2907 3963 3160 4023 unquam
3198 3941 3580 4001 misericordia
3610 3959 3731 3999 mea
3757 3985 3773 4008 ,
3803 3958 3905 4017 per
3944 3937 4021 3996 il-

795 4039 873 4096 los
902 4039 1051 4097 enim
1073 4040 1282 4118 parari
1311 4040 1459 4098 milti
1482 4059 1703 4100 messem
1733 4041 1974 4102 multam
1998 4088 2014 4111 ‚
2050 4051 2100 4100 et
2131 4041 2272 4118 eleyi
2301 4060 2385 4099 eos
2419 4042 2479 4099 in
2509 4059 2763 4100 messores
2793 4058 2936 4098 meos
2969 4039 3033 4097 in
3074 4038 3236 4096 terris
3272 4035 3590 4114 lonqinquis
3616 4081 3633 4104 ,
3674 4033 3806 4092 haec
3837 4031 4023 4090 dicens

790 4130 1071 4210 disparuit
1102 4177 1118 4201 ,
1152 4141 1203 4190 et
1234 4151 1329 4209 eqo
1356 4133 1568 4213 fiducia
1592 4135 1836 4212 plenus,
1866 4144 1915 4193 et
1947 4133 2236 4193 dulcedine
2268 4133 2415 4192 redii
2445 4135 2507 4192 in
2555 4142 2766 4202 castra,
2800 4141 2850 4191 et
2883 4129 3032 4210 quod
3056 4129 3248 4188 taliter
3277 4128 3480 4207 suerit,
3513 4124 3662 4186 Iuro
3692 4144 3786 4203 eqo
3815 4121 4023 4203 Alfon·

787 4245 882 4284 sus
913 4224 1041 4284 Rex
1064 4246 1170 4305 per
1195 4228 1547 4287 sanctissima
1576 4225 1715 4287 Jesu
1756 4226 1977 4289 Christi
2006 4226 2327 4304 Evanqelia
2355 4227 2502 4286 hisce
2542 4226 2802 4287 manibus
2834 4233 3005 4285 tacta.
3051 4220 3265 4281 Idcirco
3309 4221 3596 4301 praecipio
3626 4216 4024 4277 successoribus

786 4322 922 4384 neeis
952 4322 1018 4379 in
1040 4331 1373 4427 perpetuum
1398 4320 1653 4397 suturis,
1688 4331 1752 4380 ut
1780 4331 1939 4381 scuta
1967 4322 2214 4399 quinque
2255 4322 2318 4379 in
2348 4319 2584 4380 Crucem
2608 4321 2835 4399 posita,
2873 4326 3103 4397 propter
3139 4313 3397 4384 Crucem,
3430 4323 3479 4373 et
3508 4314 3754 4391 quinque
3785 4311 4023 4371 metuero

793 4411 1015 4473 Christi
1044 4415 1106 4472 in
1145 4411 1369 4493 Insiqne
1399 4414 1629 4491 ferant,
1670 4425 1720 4473 et
1752 4416 1815 4473 in
1855 4433 2183 4522 unoquoque
2215 4399 2456 4492 triqinta
2487 4422 2812 4490 amentem,
2845 4421 2895 4471 et
2933 4429 3100 4518 super
3138 4418 3440 4489 serpentem
3461 4405 3684 4484 Moysis
3708 4405 3774 4463 ob
3801 4401 4023 4463 Christi

789 4512 1071 4590 fiquram,
1118 4519 1169 4567 et
1200 4510 1299 4568 hoc
1341 4511 1416 4568 sit
1460 4509 1779 4569 memoriale
1821 4519 2076 4568 nostrum
2118 4509 2180 4567 in
2221 4509 2576 4587 qeneratione
2597 4517 2825 4566 nostra:
2869 4514 2918 4564 et
2963 4505 3014 4563 si
3034 4505 3160 4583 quis
3190 4501 3355 4562 aliud
3396 4500 3798 4568 attenta-ecrit,
3844 4517 3882 4557 a
3906 4495 4025 4556 Do-

791 4606 945 4662 ntino
982 4606 1057 4663 sit
1101 4604 1450 4672 maledictus,
1495 4614 1544 4662 et
1592 4623 1719 4663 cum
1759 4600 1919 4664 Juda
1952 4604 2222 4664 traditore
2263 4605 2326 4662 in
2353 4605 2472 4679 (12)
2503 4599 2792 4679 infernum
2821 4607 3157 4660 maceratus.
3185 4593 3362 4656 Facta
3392 4594 3593 4653 charta
3627 4589 3869 4652 Colimb.
3905 4587 4019 4650 111.

793 4695 1040 4758 Kalend.
1078 4696 1403 4758 Novembris
1433 4696 1586 4757 AEra
1616 4696 1710 4757 M.
1750 4694 1987 4757 C.L11.

904 5005 996 5074 (1)
1022 5003 1274 5056 dormivi.
1351 5000 1440 5072 (Β)
1460 5001 1832 5071 Atdeplionse.
1907 5002 1999 5071 (3)
2026 5018 2168 5056 nunc
2186 5001 2523 5056 Camerarius
2548 4999 2648 5070 qui
2670 4996 2820 5052 dixit
2844 4996 3004 5050 mitti.
3077 4993 3169 5066 (4)
3190 4990 3530 5058 Remissorit,
3555 4989 3682 5060 tegit
3701 4984 4028 5041 Brund-nus:

794 5094 889 5149 sed
916 5094 1083 5147 Man-iz
1105 5129 1120 5154 ‚
1147 5089 1489 5144 Dormitorii.
1640 5093 1726 5159 (ὅ)
1752 5101 1810 5141 ut
1836 5093 2082 5144 ostendat
2109 5089 2227 5142 ubi.
2252 5090 2530 5155 splendor.
2680 5091 2768 5160 (ὃ)
2796 5087 3009 5142 clariori
3040 5087 3165 5138 Sole
3186 5121 3203 5148 ,
3230 5100 3322 5136 seu
3352 5081 3560 5133 melius:
3588 5081 3780 5130 clarius
3810 5078 3933 5127 Sole
3961 5076 4032 5126 si-

793 5201 976 5251 guum.
1004 5179 1275 5234 Dominus
1297 5177 1458 5230 suavi
1477 5171 1894 5248 praeceperunt.
2049 5181 2137 5251 (7)
2165 5176 2442 5230 conflictu.
2472 5175 2877 5230 comburar-em.
2907 5172 3190 5244 conflictu.
3344 5167 3430 5237 (8)
3458 5166 3548 5218 sed
3575 5166 3759 5216 omnia
3786 5162 3904 5214 ulia.
3933 5162 4034 5213 At-

773 5272 968 5341 Jimse.
1114 5271 1203 5337 (9)
1227 5268 1514 5320 Graculum
1545 5268 1613 5319 de
1638 5268 1822 5319 indiis.
1846 5279 2034 5334 gentes
2056 5303 2073 5332 ,
2101 5278 2161 5318 ut
2306 5267 2430 5335 (1⁰)
2454 5266 2672 5334 Insigne
2698 5266 3000 5317 Lusitaniae
3029 5258 3334 5329 mysucum.
3360 5252 3708 5306 annuncians
3726 5250 3988 5321 pietatem
4009 5287 4029 5315 ,

792 5356 1067 5429 quidquid
1080 5354 1502 5425 jubesfisciam,
1534 5366 1586 5406 et
1610 5367 1671 5408 eu
1698 5355 1755 5408 in
1781 5374 1905 5408 mea
1926 5357 2087 5426 prole
2112 5353 2402 5424 etc-(1
2418 5353 2474 5422 1)
2501 5354 2747 5406 Cur-etet
2763 5352 2896 5405 bom
2921 5347 3212 5418 Principio.
3238 5340 3401 5396 ittud.
3424 5338 3783 5410 Aldel’onsus.
3796 5336 4030 5408 partita.

807 5449 934 5520 (12)
961 5449 1019 5502 lu
1046 5447 1284 5501 luten-no.
1313 5440 1671 5512 «ildefonsus.
