4487 6316
1849 548 1974 604 ιω.
2014 545 2056 598 ι.
2095 528 2235 598 cAr'.
2274 543 2342 598 11.
3476 548 3512 596 ο

455 710 650 760 unum
681 700 919 757 tantum
943 697 1097 753 esset
1120 689 1331 752 Altare
1360 688 1426 752 in
1455 689 1678 771 templo
1693 737 1711 767 ,
1740 690 2023 757 oratoria
2131 687 2320 751 sionis
2345 686 2568 751 Christi
2604 688 2895 752 memoria
2912 734 2931 764 ,
2970 698 3039 752 ut
3074 690 3228 753 bene
3260 689 3520 752 advertit
3544 689 3690 765 Car·

457 787 753 855 tamenin
782 784 991 866 templi
1015 783 1253 847 ambitu
1278 782 1492 858 fuisse,
1521 785 1629 846 ubi
1658 786 1839 849 Missa
1865 786 2047 850 cele--
2129 780 2356 844 dinalis
2395 783 2562 844 Bona
2608 785 2748 845 Rer.
2799 783 3088 865 Liturgic.
3141 783 3248 845 lib.
3301 788 3356 845 1.
3408 803 3540 866 cap.
3584 788 3683 844 25.

451 864 779 957 &almum
808 878 1143 964 cujtismodi
1171 897 1340 940 more
1363 878 1546 942 etiam
1573 900 1736 942 nunc
1763 889 2019 944 utuntur
2129 895 2298 936 num.
2350 882 2408 938 8.
2441 896 2564 958 quo
2591 872 2852 940 duorum
2878 877 3335 941 naereticorum
3381 898 3551 941 error
3590 900 3686 942 re-

450 977 698 1051 Graeci,
731 975 839 1058 qui
882 994 1024 1036 eum
1056 992 1252 1036 unum
1278 972 1344 1033 in
1373 973 1598 1054 templo
1624 974 1889 1039 habeant
1913 976 2020 1039 Al·
2127 967 2393 1046 fellitum
2433 970 2662 1035 Dallaei
2713 974 2789 1035 de
2829 971 2997 1036 cuttu
3037 972 3228 1056 Relig.
3275 972 3384 1036 lib.
3436 981 3493 1035 5.
3543 994 3679 1057 pag.

453 1083 617 1145 tare,
666 1068 948 1133 Oratoria
992 1074 1194 1131 tamen
1233 1066 1462 1128 circum
1506 1068 1714 1149 templi
1760 1069 2018 1149 perime-
2127 1068 2265 1124 773.
2306 1072 2367 1126 et
2410 1064 2732 1147 Binghami
2769 1075 2912 1129 tom.
2957 1072 3015 1128 3.
3057 1087 3193 1149 pag.
3236 1073 3373 1129 237.
3414 1068 3520 1149 qui
3554 1088 3683 1130 non

455 1176 621 1230 trum
670 1164 937 1236 babent,
988 1162 1095 1224 ubi
1143 1161 1389 1224 Missam
1437 1161 1784 1235 celebrant:
1833 1162 2019 1244 idque
2069 1150 2076 1257 ᾗ
2124 1166 2265 1220 ante
2293 1159 2770 1227 trecentesimum
2786 1161 3170 1243 trigesimum
3196 1170 3429 1223 sextum
3454 1182 3684 1224 annum

2123 1259 2341 1332 putant
2365 1252 2431 1313 in
2456 1253 2734 1315 Ecclesiis
2761 1254 3059 1334 expositas
3083 1274 3209 1317 esse
3233 1255 3470 1317 CruceS.
3500 1256 3683 1317 Juve-

2124 1345 2307 1408 ninus
2345 1347 2421 1409 de
2458 1348 2855 1410 Sacramentis
2882 1350 3128 1411 Dissert.
3170 1357 3229 1411 5.
3275 1350 3350 1411 de
3388 1350 3681 1412 Euchari-

2122 1440 2274 1504 stiae
2298 1443 2683 1525 Sacramenta
2716 1464 2823 1525 qu.
2859 1449 2917 1505 8.
2951 1463 3121 1505 num.
3157 1449 3215 1506 4.
3259 1451 3375 1507 art.
3418 1451 3475 1506 3.
3521 1454 3681 1525 post-

2066 1519 2094 1615 1⁴
2121 1553 2311 1615 quam
2345 1536 2617 1601 laudavit
2649 1538 2902 1600 Concilii
2938 1539 3304 1601 Turonensis
3336 1539 3639 1601 Canonem
3659 1586 3676 1611 ,

2066 1624 2073 1740 j
2122 1648 2305 1711 quem
2331 1650 2515 1713 supra
2540 1632 2875 1707 attulimus,
2904 1633 3101 1696 addit:
3131 1633 3233 1695 Sic
3258 1635 3366 1712 scre
3393 1635 3681 1696 Ecclesia-

2065 1748 2071 1814 Ξ
2119 1744 2254 1795 rum
2291 1729 2542 1787 omnium
2575 1729 2939 1789 consuetudo.-
2988 1729 3148 1807 cujus
3192 1730 3416 1808 quidem
3452 1750 3579 1789 cum
3616 1732 3681 1788 in

2065 1822 2071 1868 ³
2123 1819 2426 1893 Conciliis‚
2464 1834 2568 1884 aut
2605 1825 2668 1883 in
2700 1823 2975 1885 Patribus
3001 1826 3239 1885 initium
3270 1844 3387 1884 non
3429 1827 3680 1903 reperia-

2122 1924 2252 1988 tur,
2280 1918 2358 1976 ad
2381 1918 2527 1997 ipsos
2551 1917 2842 1997 Apostolos
2857 1918 3041 1996 juxta
3060 1920 3373 1997 Anqustim'
3392 1920 3683 1999 principia

2117 2010 2350 2087 refundi
2375 2011 2546 2071 dcbct.
2576 2010 2779 2088 Docuit
2805 2012 2976 2072 ctiam
2999 2022 3068 2073 ut
3086 2013 3288 2083 Ritus,
3325 2014 3392 2073 dc
3417 2032 3526 2090 quo
3551 2013 3679 2091 aqi-

2120 2112 2249 2176 tur,
2298 2105 2598 2175 obtinent,-
2626 2125 2741 2186 par
2777 2108 2928 2168 enim
2967 2117 3078 2178 cst,
3125 2117 3192 2167 ut
3222 2105 3442 2168 Christi
3475 2105 3680 2167 Passio

2118 2195 2438 2261 Sacerdotis
2482 2200 2855 2281 sacrificantis
2898 2200 3076 2260 oculis
3113 2202 3426 2261 obversetur
3445 2247 3460 2270 ,
3505 2219 3679 2278 quam

455 1271 587 1341 tum
630 1279 706 1320 ex
749 1277 962 1320 eorum
1004 1255 1311 1338 colligitur
1337 1254 1737 1337 Euchologio,
1768 1263 1896 1318 tum
1940 1276 2018 1318 ex

458 1356 659 1416 Leone
685 1350 916 1413 Allacio
959 1348 1026 1411 in
1052 1348 1322 1430 Epistola
1345 1348 1423 1410 de
1447 1350 1812 1412 Graecorum
1840 1351 2016 1414 Tem·
2058 1400 2064 1413 .

457 1451 594 1531 plis.

910 1498 915 1509 ’
969 1594 974 1605 ,
1032 1538 1284 1600 CAPUT
1328 1539 1440 1600 111.

928 1727 1012 1788 Dc
1053 1727 1277 1788 Altaria
1315 1738 1547 1787 ornam.

170 1950 407 2008 emim„-
453 1931 509 1987 t.
574 1875 963 2002 Reliquum'
985 1925 1075 1979 est
1106 1925 1187 1978 ut
1223 1915 1299 1978 de
1341 1923 1560 1977 ornatu
1592 1913 1817 1977 Altaris
1847 1914 2012 1977 dica-

144 2007 407 2109 :ss'ssfflffl
447 2040 585 2083 mus
601 2065 620 2094 ,
648 2018 780 2080 sine
803 2034 930 2097 quo
955 2012 1201 2075 Missam
1225 2010 1531 2073 celebrare
1557 2028 1680 2070 non
1706 2008 1864 2071 licet.
1896 2009 2011 2070 Su-

143 2125 253 2224 ssoesss
268 2125 404 2223 ¹¹:23
442 2115 653 2199 perius
678 2109 1025 2177 monuimus
1047 2124 1201 2187 opus
1224 2124 1351 2167 esse
1375 2105 1583 2165 Cruce.
1609 2103 1834 2165 Vertus
1859 2110 2004 2165 tom.

230 2198 243 2223 t

142 2247 304 2281 muna·
326 2251 403 2280 ...2-
446 2219 507 2274 A.
556 2229 692 2295 pag.
739 2213 838 2268 30.
886 2202 1006 2276 ait,
1046 2201 1190 2263 satis
1227 2197 1534 2280 quondam
1581 2197 1761 2260 fuisse
1785 2196 2008 2260 Christi

137 2295 303 2412 ‚djfflhss‘
315 2295 405 2395 ἐξ
444 2304 774 2386 imaginem
792 2345 809 2373 ‚
840 2298 1000 2380 quae
1025 2294 1271 2377 ponitur
1311 2294 1376 2355 in
1403 2293 1645 2355 Canone
1669 2293 1748 2355 ad
1776 2292 2007 2353 Passio·

137 2412 197 2453 m.

442 2404 545 2466 nis
569 2396 920 2473 Dominicae
946 2390 1301 2453 memoriam
1336 2388 1403 2449 in
1428 2386 1762 2449 Sacerdotis
1802 2385 2007 2449 animo

436 2476 858 2562 excitandam:
887 2485 1149 2567 coepisse
1191 2482 1408 2545 deinde
1446 2481 1512 2543 in
1557 2480 1866 2562 aliquibus
1890 2482 2006 2543 Ec-

434 2586 660 2660 clesiis',
686 2587 833 2647 dum
862 2581 1215 2644 recitaretur
1241 2577 1448 2639 Canon
1477 2574 1714 2649 Missae,
1738 2594 1808 2636 ac
1829 2593 2005 2655 prae-

433 2684 651 2747 sertim
682 2689 951 2759 tempore
976 2670 1449 2737 consecrationis
1475 2667 1697 2749 exponi
1718 2667 2007 2730 crucifixi

436 2777 773 2860 imaginem
800 2773 864 2833 in
897 2770 1014 2833 tela
1044 2766 1203 2851 nigri
1231 2765 1328 2828 vel
1356 2763 1607 2827 violacei
1648 2761 1865 2825 coloris
1902 2760 2008 2824 de-

436 2875 689 2955 pictam:
713 2863 1138 2931 remotioribus
1157 2862 1236 2923 ab
1257 2858 1556 2922 Ecclesiae
1579 2856 1829 2920 exordio
1856 2865 2008 2919 tem-

438 2967 696 3051 poribus
723 2962 1108 3043 Proebyteros
1133 2953 1467 3029 devotionis
1492 2952 1690 3035 gratia
1713 2950 2003 3027 voluisse,

430 3072 503 3124 nt
538 3069 663 3122 toto
690 3058 906 3120 Missae
935 3063 1201 3132 tempore
1222 3047 1509 3111 Crucifixi
1533 3047 1731 3130 imago
1757 3046 1874 3108 sibi
1895 3046 2009 3108 ob-

433 3164 785 3220 versaretur
810 3152 891 3214 ob
918 3147 1154 3211 oculos:
1186 3143 1473 3208 Sacristas
1501 3141 1765 3224 denique
1803 3140 2007 3204 minu-

427 3251 601 3318 endi,
629 3245 856 3312 laboris
888 3261 1101 3315 causa,
1152 3259 1231 3301 ne
1265 3237 1449 3301 Missa
1494 3244 1735 3319 peracta
1775 3255 1849 3298 ea
1887 3234 2006 3299 sibi

429 3347 643 3427 imago
694 3329 1061 3410 auferenda,
1117 3353 1188 3397 ιο
1231 3333 1382 3396 dum
1427 3331 1552 3395 alia
1600 3328 2006 3394 celebraretur

434 3441 624 3503 Missa
640 3484 658 3511 ,
690 3453 902 3497 rursus
926 3428 1283 3513 apponenda
1306 3434 1490 3501 esset,
1519 3426 1600 3489 ab
1622 3446 1694 3490 ea
1718 3446 2005 3499 amoven-

432 3537 514 3598 da
548 3531 871 3603 destitisse,
900 3535 971 3589 ut
994 3527 1159 3587 Crux
1177 3524 1307 3606 jam
1333 3520 1494 3583 fixus
1529 3540 2007 3602 permanensque

428 3627 723 3709 coeperit=
741 3643 869 3686 esse
893 3618 1119 3683 Altaris
1141 3623 1411 3680 ornatus.
1439 3617 1520 3678 Et
1551 3624 1759 3678 auctor
1788 3614 2003 3695 nuperi

429 3719 702 3786 Missalis
728 3713 1067 3787 Trecensis,
1101 3730 1224 3793 quo
1263 3717 1575 3772 sexcentae
1617 3708 2003 3770 continentur

426 3815 733 3878 novitates
766 3811 944 3891 (quas
963 3809 1125 3890 Jam,
1165 3806 1312 3867 dum
1354 3802 1503 3865 baec
1539 3802 1892 3877 scribimus,
1922 3804 2001 3865 ab

426 3910 648 3976 eodem
677 3909 946 3978 ,Auctore
984 3908 1313 3981 expunctas
1348 3917 1475 3960 esse
1496 3943 1514 3973 ,
1556 3916 1793 3959 summa
1825 3897 2002 3960 volu-

427 4011 603 4092 ptate
642 3994 1069 4080 intelligimus)
1107 3992 1317 4055 scribit
1355 3990 1688 4073 optandum
1725 4010 1890 4066 esse,
1931 3997 2004 4052 ut

431 4097 678 4162 Altaria
709 4093 916 4157 omnia
942 4090 1122 4171 plane
1158 4097 1230 4150 ut
1254 4087 1463 4150 Altare
1486 4085 1859 4149 Cathedralis
1882 4087 2000 4149 Ba-

428 4193 648 4256 silicae
686 4190 1097 4257 instruantur,
1128 4183 1192 4244 in
1218 4195 1343 4264 quo
1380 4201 1505 4244 non
1530 4181 1653 4244 alia
1677 4190 1768 4243 est
1792 4180 2002 4244 Cruci-

430 4288 548 4350 fixi
574 4287 814 4366 imago,
844 4300 1030 4363 quam
1069 4297 1226 4359 quae
1263 4276 1388 4340 fixa
1422 4284 1510 4339 est
1544 4295 1798 4358 magnae
1822 4275 1999 4337 Cruci

432 4385 500 4444 in
534 4375 736 4443 medio
774 4384 1036 4449 erectae,
1081 4393 1190 4434 nec
1216 4372 1414 4453 imago
1440 4368 1726 4434 Crucifixi
1755 4370 2002 4453 ponitur

428 4494 622 4556 super
648 4472 855 4552 Altare
883 4468 999 4529 nisi
1027 4475 1293 4547 tempore
1309 4464 1547 4538 Missae,
1567 4471 1629 4526 et
1654 4473 1798 4526 tunc
1820 4464 2000 4527 affer-

429 4579 538 4631 tur
555 4615 573 4642 ,
615 4586 757 4628 cum
790 4562 1076 4625 recitatur
1108 4558 1407 4641 Epistola,
1447 4565 1694 4640 excepto
1721 4558 1999 4633 Quadra.

430 4662 705 4746 gesimae
731 4665 1019 4738 tempore.
1049 4685 1063 4700 ·

561 4760 621 4815 2.
649 4752 762 4815 Sed
790 4749 952 4832 quod
972 4746 1169 4809 ‚tradit
1193 4746 1437 4818 Vertus,
1467 4763 1702 4806 merum
1723 4752 1811 4808 est
1835 4765 1995 4808 com.

431 4857 715 4912 mentum
741 4845 988 4907 cerebro
1014 4845 1143 4923 ejus
1169 4847 1509 4920 procusum.
1540 4838 1693 4901 Nam
1722 4840 1999 4902 vetustis.

352 5011 355 5016 ,
431 4944 634 5006 simus
663 4948 752 5002 est
779 4936 986 5006 Crucis
1023 4951 1167 4995 usus
1203 4952 1311 5013 per
1336 4931 1587 4994 Altaria.
1620 4933 1693 4993 In
1732 4930 1998 5014 Concilio

331 5070 335 5074 v
431 5038 609 5102 enim
651 5036 700 5096 T
703 5030 987 5095 uronensi
1038 5047 1200 5090 anno
1244 5032 1381 5088 567.
1429 5025 1639 5089 habito
1683 5026 1828 5088 Can.
1878 5028 1992 5091 ΠΙ.

431 5134 595 5195 haec
634 5129 971 5191 habentur:
1024 5122 1102 5184 Ut
1143 5121 1361 5202 Corpus
1395 5121 1629 5186 Domini
1667 5124 1736 5182 in
1760 5122 1993 5195 Alteri,

430 5244 557 5287 non
582 5225 644 5284 in
668 5221 970 5289 Amarea,
996 5217 1089 5277 scd
1113 5217 1216 5277 sub
1244 5214 1444 5277 Crucis
1490 5216 1657 5276 titulo
1699 5235 1995 5298 compona-

432 5332 539 5380 tur
554 5339 577 5385 ,-
605 5336 675 5378 ιο
715 5332 860 5377 vera
892 5298 1189 5372 sententia
1211 5316 1332 5382 est,
1378 5328 1456 5370 ex
1481 5301 1820 5389 Apostolica
1846 5311 1995 5372 Tra·

431 5412 672 5475 ditione
697 5407 1032 5471 derivatum
1050 5450 1067 5478 ‚
1098 5423 1174 5465 ne
1208 5401 1345 5483 quis
1383 5401 1512 5464 sine
1538 5402 1727 5464 Cruce
1753 5402 1997 5466 Missam

428 5507 724 5578 celebret,
745 5504 916 5585 cujus
938 5495 1178 5580 aspectu
1198 5495 1496 5558 Sacerdoti
1526 5506 1835 5560 revocetur
1855 5498 1997 5560 Pas-

2115 2289 2307 2357 Missa
2349 2293 2425 2353 ad
2463 2294 2653 2353 vivum
2692 2295 2935 2354 exhibet.
2983 2293 3098 2355 Vir
3141 2293 3349 2356 doctus
3383 2290 3678 2373 losephus

2115 2383 2460 2448 vicecomes
2502 2386 2922 2450 Observation.
2971 2387 3363 2450 Ecclesiastic.
3419 2396 3563 2463 tom.
3612 2391 3672 2448 4.

2114 2476 2223 2541 lib.
2257 2478 2317 2543 7.
2347 2500 2477 2562 cap.
2510 2486 2610 2542 23.
2641 2481 2840 2543 locum
2869 2482 3044 2545 affert
3068 2483 3366 2551 exBedae
3383 2480 3674 2556 Historia,

2113 2574 2221 2655 qui
2246 2574 2289 2636 1.
2321 2580 2380 2636 2.
2429 2595 2559 2656 cap.
2601 2580 2699 2638 20.
2743 2576 2805 2638 S.
2837 2576 3081 2640 Paulini
3109 2576 3504 2640 Eboracensis
3519 2573 3677 2657 Epi-

2111 2668 2274 2751 scopi
2301 2669 2492 2732 vitam
2526 2668 2793 2732 scribens
2834 2671 2952 2734 ait:
2982 2671 3199 2733 Anuli:
3245 2693 3458 2752 quoque
3495 2692 3679 2734 secum

2110 2781 2250 2825 vasa
2268 2766 2518 2844 pretiosa
2538 2764 2766 2824 Eduim'
2791 2766 2957 2845 chis
2976 2767 3275 2847 perplura,
3305 2768 3372 2826 in
3395 2767 3596 2845 quibus
3622 2776 3676 2826 ct

2117 2854 2356 2920 Crucem
2397 2879 2664 2939 magnam
2710 2879 2946 2921 auream
2968 2907 2986 2931 ,
3041 2870 3095 2920 ct
3144 2858 3400 2926 Calicem
3438 2880 3677 2922 aureum

2114 2963 2494 3015 consecratum
2518 2956 2596 3016 ad
2620 2956 2997 3016 ministerium
3020 2954 3068 3015 A
3081 2956 3246 3017 ltaris
3260 3003 3277 3027 ,
3309 2976 3453 3036 quac
3491 2956 3678 3017 adhuc

2111 3049 2179 3107 in
2202 3047 2463 3109 Ecclesia
2489 3045 2732 3110 Cautius
2756 3059 3080 3111 conservata
3105 3060 3515 3111 monstrantur.
3549 3048 3677 3110 Un-

2111 3141 2189 3205 de
2213 3140 2363 3205 haec
2391 3141 2578 3205 infert
2602 3142 2976 3207 vicecomes:
3009 3142 3138 3221 Quo
3176 3145 3290 3206 loco
3326 3145 3523 3207 verba:
3555 3142 3675 3206 Mi-

2111 3235 2430 3300 nisterium
2455 3238 2712 3314 Altaris,
2740 3238 2958 3302 Missae
2982 3259 3150 3300 usum
3173 3241 3518 3322 siqnificant,
3546 3258 3677 3301 cum

2111 3332 2178 3404 in
2202 3331 2404 3394 Altem'
2427 3334 2596 3396 nulla
2622 3353 2708 3394 res
2733 3335 2966 3412 ‘dianior
3007 3354 3075 3396 ac
3101 3334 3290 3397 Missa
3309 3344 3669 3416 procuretur.

2109 3425 2310 3506 Atque
2355 3427 2564 3489 eadem
2608 3436 2698 3490 est
2739 3427 3067 3490 Orientalis
3108 3428 3404 3492 Ecclesiae
3419 3475 3436 3503 ,
3486 3436 3672 3512 atque

2112 3519 2544 3596 Occidentalis,
2575 3520 2922 3603 disciplina:
2962 3542 3105 3586 nam
3141 3523 3303 3605 apud
3331 3523 3670 3587 orientales

2110 3615 2352 3677 nonnisi
2379 3616 2568 3677 Cruce
2592 3634 2772 3696 super
2788 3617 2995 3681 Altare
3017 3617 3305 3681 collocata
3330 3617 3670 3681 celebratur

2110 3708 2325 3785 Missa,
2355 3719 2427 3773 ut
2450 3710 2657 3773 videre
2690 3719 2781 3772 est
2818 3711 2980 3791 apud
3005 3711 3334 3782 Grancolas
3370 3712 3436 3774 in
3464 3712 3670 3776 Veteri

2108 3803 2409 3866 Ecclesiae
2443 3804 2922 3867 Sacramentario
2955 3825 3087 3888 par.
3115 3812 3188 3876 ,1.
3233 3828 3371 3890 pag.
3413 3812 3510 3869 52.
3542 3807 3669 3874 Ad.-

2080 3949 2083 3952 .
2107 3916 2318 3962 versus
2341 3906 2542 3961 autem
2574 3899 2814 3984 Missale
2837 3900 3127 3963 Trecense
3169 3903 3407 3986 egregie
3431 3901 3671 3983 scripsit

2109 3990 2175 4060 in
2200 4011 2312 4056 sua
2350 3992 2642 4055 Pastorali
2671 3993 3070 4057 Instructione
3092 3997 3384 4078 Iosephus
3408 3995 3667 4079 [angle-

2109 4093 2206 4148 tus
2231 4086 2561 4168 Episcopus
2597 4087 2988 4164 Senonensis,
3026 4091 3134 4172 qui
3173 4111 3309 4174 pag.
3352 4098 3448 4154 35.
3490 4111 3662 4153 num.

2110 4187 2208 4244 30.
2239 4190 2452 4264 etseq.
2484 4183 2735 4265 probat,
2765 4177 3228 4248 vetustissimam
3265 4206 3391 4249 esse
3413 4177 3666 4250 consue-

2107 4276 2381 4339 tudinem
2395 4322 2414 4351 ,
2440 4286 2511 4340 ut
2535 4286 2848 4359 praesente
2872 4277 3061 4341 Cruce
3085 4280 3267 4344 Missa
3295 4280 3630 4343 celebretur
3642 4267 3674 4358 ς’

2106 4370 2486 4452 ostenditque
2530 4380 2760 4452 quanta
2792 4373 3167 4454 perturbatio
3204 4382 3356 4436 esset
3388 4382 3448 4436 et
3484 4374 3663 4438 Fide-

2106 4462 2260 4525 lium
2285 4464 2565 4539 offensio,
2613 4465 2701 4538 si,
2729 4473 2800 4527 ut
2840 4466 3045 4529 omnia
3069 4467 3325 4531 Altaria.
3348 4468 3427 4531 ad
3458 4488 3665 4532 exem-

2104 4558 2277 4640 plum
2310 4558 2536 4622 Altaris
2574 4559 2862 4623 Basilicas
2897 4560 3271 4624 Cathedralis
3318 4550 3663 4646 redigeren—

2105 4661 2240 4728 tur,
2269 4653 2562 4736 imagines
2588 4654 2876 4716 Crucifixi
2900 4656 2979 4717 ab
3008 4645 3084 4717 iis
3108 4657 3367 4737 populus
3391 4659 3659 4721 amoveri

2103 4746 2356 4810 videret.
2393 4750 2615 4823 Ratum
2658 4748 2846 4831 igitur
2882 4757 3008 4812 esto
3022 4795 3041 4824 ,
3068 4750 3312 4813 Missam
3357 4751 3664 4817 celebrare

2104 4841 2335 4906 nemini
2365 4841 2566 4916 licere,
2586 4841 2703 4903 nisi
2725 4861 2905 4925 super
2921 4844 3129 4910 Azltare
3148 4845 3435 4908 Crucifixi
3462 4845 3664 4932 imago

2104 4935 2203 5001 vel
2234 4935 2448 5002 saltem
2485 4936 2650 4998 Crux
2688 4944 2885 5000 erecta
2919 4937 3015 4999 sit.
3050 4939 3127 5001 Ut
3160 4950 3362 5003 autem
3391 4942 3536 5005 huic
3571 4943 3660 5008 rei

2103 5036 2403 5110 quantum
2427 5036 2619 5110 potest
2654 5029 2806 5091 lucis
2840 5030 3254 5108 affundamus,
3289 5054 3411 5096 non
3447 5037 3557 5099 abs
3594 5057 3663 5099 re

2104 5123 2353 5187 fortasse
2378 5123 2495 5185 erit
2521 5125 2871 5199 observare,
2902 5146 3026 5187 non
3054 5126 3214 5190 idem
3255 5131 3506 5194 omnino
3536 5151 3663 5197 esse

2101 5215 2153 5278 si
2178 5215 2343 5279 dicas
2358 5260 2378 5291 ,
2404 5217 2829 5296 remotioribus
2853 5218 2934 5281 ab
2951 5228 3152 5292 aetate
3186 5230 3389 5286 nostra
3430 5232 3657 5307 tempo—

2100 5310 2274 5374 ribus
2297 5330 2529 5375 morem
2552 5310 2758 5388 fixisse,
2788 5321 2858 5375 ut
2883 5313 3047 5375 Crux
3070 5333 3251 5396 super
3276 5316 3468 5381 altare
3493 5320 3654 5384 loca-

2103 5413 2271 5468 retur
2288 5451 2307 5481 ,
2337 5406 2829 5489 quotiescumque
2852 5406 3033 5469 Missa
3066 5408 3422 5474 celebranda
3461 5424 3613 5476 esset
3632 5460 3649 5490 ‚

2050 5579 2053 5580 ⁷
2104 5519 2174 5562 ac
2216 5499 2267 5561 si
2316 5500 2510 5575 dicas,
2545 5499 2787 5564 Missam
2833 5499 3072 5562 nonnisi
3120 5513 3429 5582 praesente
3467 5508 3656 5572 Cruce
