4487 6316
1259 523 1491 579 orams
1528 526 1628 578 ne
1667 524 1926 590 resris,
1961 521 2055 580 ar
2095 526 2186 580 ne
2225 521 2607 609 sacawicio
2646 530 2859 588 insse

506 658 649 722 solis
677 659 923 724 Civibus
949 661 1358 740 conferantur,
1379 667 1526 730 haec
1542 666 1747 749 habet:
1776 667 1903 731 Nos.
1920 670 2036 730 ita-

499 774 605 831 que
625 800 646 827 ,
676 758 1042 834 quibus-satis
1075 760 1579 838 liquchicitatcm
1603 774 1860 847 nostram*
1872 782 2036 843 pras-

499 848 710 910 ‹lictam
744 853 883 912 viris
906 855 1090 911 'omnis
1121 855 1406 917 doctrinae
1431 877 1622 934 yeme
1648 904 1663 927 ,
1701 869 2032 937 “praescr-

501 945 605 1002 tim
625 944 955 1024 Theoloqiae
981 949 1289 1009 abundare.
1317 949 1554 1011 Nemini
1578 970 1758 1030 porro
1772 951 2032 1014 dubium

497 1044 585 1097 est
610 1083 626 1109 ,
659 1048 850 1101 aetate
875 1040 988 1102 hac
1014 1051 1216 1104 nostra
1251 1045 1556 1108 Bononiae
1577 1047 1740 1108 viros
1772 1067 1893 1109 non
1926 1048 2031 1110 de-

495 1150 621 1192 esse
640 1132 944 1196 doctrinae
965 1137 1420 1215 spectatissimos
1435 1186 1451 1213 ,
1473 1141 1577 1221 qni
1597 1141 2030 1222 jux-tasmet-ho-

492 1225 639 1286 dum
665 1226 962 1290 forensem
988 1238 1109 1292 non
1139 1242 1258 1294 tam
1281 1234 1389 1295 Jus
1414 1235 1817 1309 pontificium,
1843 1255 2028 1318 quam

494 1319 735 1399 Sacram
757 1323 1139 1408 Theologiam
1164 1326 1570 1403 laudabiliter,
1595 1337 1656 1392 et
1673 1331 1908 1413 egregie
1929 1331 2031 1394 do'-

495 1423 690 1476 ceant.
956 1476 963 1485 ,
1038 1473 1047 1481 ,
1088 1449 1102 1459 ·
1137 1470 1139 1473 ,
1371 1464 1374 1467 -
1502 1458 1509 1467 ·
1593 1468 1599 1472 .
1746 1473 1753 1482 .

525 1556 532 1563 .
615 1512 706 1568 14.
741 1508 1118 1577 Conveniunt
1145 1533 1352 1576 omnes
1376 1560 1392 1588 ,
1424 1516 1532 1595 qui
1552 1516 1813 1580 rie-locis.
1833 1516 2030 1582 Theo-v

488 1600 698 1681 logicis
727 1610 1124 1682 pertractant,
1155 1607 1234 1668 ab
1260 1607 1546 1671 historiae
1575 1618 1702 1671 tum
1736 1611 2027 1700 Ecclesia-

491 1694 671 1765 stieae
695 1742 710 1764 ,
745 1705 873 1757 tum
901 1698 1189 1778 profanae
1215 1701 1620 1781 Scriptoribus
1643 1748 1660 1776 ,
1679 1752 1682 1758 .
1704 1705 2026 1769 dummodo

488 1787 617 1849 sint
635 1791 995 1857 auctoritate,
1008 1813 1241 1874 graves,
1270 1803 1329 1856 et
1346 1795 1474 1858 vtide
1497 1796 1687 1879 digni,
1713 1799 2027 1878 probabile

485 1894 903 1963 argumentum
927 1885 1233 1969 Theologo
1255 1889 1552 1964 exhiberi,
1584 1892 1680 1953 vel
1701 1894 1778 1953 ad
1803 1892 2024 1955 confir-

489 1977 774 2059 mandum
799 2023 816 2052 ,
846 1980 1009 2059 quod
1033 1981 1334 2056 affirmat,
1371 1984 1465 2045 vel
1497 1986 1574 2046 ad
1602 1986 1986 2065 refutandum
2003 2034 2020 2062 ,

486 2070 648 2147 quod
677 2070 732 2132 ei
760 2073 1123 2152 opponitur;
1158 2076 1341 2137 immo
1369 2077 1624 2139 ulterius
1658 2081 2019 2159 procedunt,

485 2161 816 2244 docentque
838 2212 854 2239 ,
884 2187 1021 2228 cum
1054 2189 1270 2250 graves
1297 2171 1564 2233 historici
1608 2173 1672 2251 in
1714 2174 1919 2255 aliqua
1957 2196 2023 2239 re

484 2261 786 2323 narranda
812 2263 1130 2324 concordes
1156 2273 1297 2326 sunt
1320 2310 1337 2338 ,
1377 2266 1518 2328 inde
1543 2268 1912 2350 Theologum
1941 2271 2019 2333 ad

481 2353 732 2414 eandem
755 2375 883 2416 rem
913 2358 1293 2442 asserendam
1315 2369 1544 2424 certum
1577 2362 1895 2425 desumere.
1917 2384 2017 2427 ar-

480 2455 829 2523 gumentum
859 2436 1026 2529 posse
1050 2472 1064 2510 t
1090 2452 1178 2515 ,ita
1206 2454 1494 2516 Melchior
1525 2456 1723 2518 Canus
1749 2457 1812 2518 in
1842 2466 2012 2521 tract.

478 2538 556 2599 de
584 2539 728 2601 locis
756 2543 1126 2626 Theologicis
1158 2546 1267 2608 lib.
1304 2549 1593 2629 X1.,cap.'
1614 2555 1672 2611 4.
1701 2597 1718 2623 ,
1756 2571 2019 2632 quocum

480 2636 757 2714 congruit
805 2638 1140 2701 Cardinalis
1191 2641 1411 2703 Gottus
1421 2643 1493 2704 in
1540 2664 1649 2707 sua
1695 2645 2017 2729 Theologia

483 2731 717 2787 tom.-1.
753 2734 979 2808 quaest.
1015 2737 1071 2792 3.
1104 2733 1248 2795 dub.
1288 2739 1380 2795 11.
1415 2735 1480 2818 §-
1527 2742 1585 2797 2.
1630 2740 1716 2800 Ac
1736 2740 2017 2819 ,profecto

480 2837 664 2898 quam
693 2822 858 2898 utilis
882 2824 959 2885 sit
984 2824 1373 2888 historiarum
1387 2831 1750 2911 cognitio‘ei,
1781 2833 1884 2913 qui
1909 2835 2017 2896 Jus

478 2913 842 3002 Canonicum
868 2917 1184 2996 profitetur
1209 2966 1225 2993 ,
1256 2920 1430 2984 facile
1465 2924 1761 3005 planeque
1790 2927 2015 2990 evinci-

480 3016 581 3069 tur
605 3029 679 3070 ex
707 3012 989 3090 operibus
1009 3013 1203 3075 Patris
1229 3015 1604 3092 Thomassini
1619 3064 1650 3100 ,Z
1667 3021 2014 3084 Emanuelis

475 3102 765 3179 Gonzalez
783 3107 1083 3180 ,loannis
1102 3110 1333 3193 Dartis,
1366 3112 1501 3175 Jani
1526 3133 1572 3176 ·a
1594 3113 1797 3189 Costa,
1831 3117 2014 3179 Fran-

476 3196 611 3258 cisci
641 3199 972 3275 Florentis;
1005 3211 1131 3265 tum
1151 3203 1214 3263 id
1242 3206 1530 3283 probatur
1550 3227 1627 3269 ex
1645 3209 1791 3270 Jure
1812 3212 2012 3273 Eccle—

478 3290 711 3353 siastico
740 3294 940 3374 (bonis
964 3303 1159 3356 tamen
1180 3316 1218 3358 a
1243 3300 1442 3377 pravis
1471 3302 1650 3363 rebus
1667 3305 2008 3386 segregatis)

478 3385 868 3468 Van-Espeu,
900 3399 964 3450 et
981 3389 1242 3460 aliorum
1263 3394 1654 3469 auctoritate,
1684 3398 1790 3477 qui
1821 3400 1897 3460 ad
1918 3400 2013 3460 in·
2062 3404 2063 3407 ’

475 3479 888 3568 vestigandum
929 3496 1141 3545 verum
1177 3485 1498 3557 Sacrorum
1537 3489 1848 3555 Canonum
1877 3513 2012 3555 sen-

475 3590 610 3632 sum
633 3572 1020 3639 historiarum
1048 3577 1253 3646 lumen
1278 3582 1721 3657 adhibuerunt,
1747 3587 1904 3648 etad
1923 3607 2013 3650 sa-

476 3684 618 3727 nam
663 3668 1066 3747 Epistolarum
1106 3675 1509 3738 Decretalium
1549 3677 2011 3761 intelligentiam

479 3756 825 3838 perventuri
867 3783 987 3825 non
1023 3766 1166 3829 satis
1190 3779 1315 3830 esse
1345 3780 1737 3846 censuerunt,
1774 3775 2007 3836 easdem

478 3852 542 3911 in
570 3851 782 3914 ultima
809 3854 1081 3936 Gregorii
1108 3859 1218 3918 IX.
1253 3860 1598 3926 collectione
1637 3865 1832 3948 legere
1854 3912 1871 3940 ,
1904 3869 2007 3930 sed

476 3956 767 4006 curarunt
793 3948 1071 4028 antiquas
1100 3950 1475 4031 collectiones
1499 3957 1817 4034 evolvere,
1862 3961 2008 4041 quia

476 4039 811 4100 Decretales
844 4040 906 4099 in
932 4040 1278 4106 collectione
1302 4045 1574 4130 Gregorii
1603 4053 1712 4112 IX.
1758 4073 1880 4116 non
1908 4056 2004 4117 in-

475 4138 676 4212 tegrae
699 4138 840 4193 sunt
863 4180 880 4204 ‚
911 4134 1015 4197 sed
1045 4154 1261 4218 magua
1285 4159 1361 4202 ex
1388 4152 1557 4222 parte
1584 4146 1963 4210 detruncatae
1987 4198 2001 4222 ,

472 4232 655 4310 atque
701 4225 1134 4307 interpolatae3
1179 4235 1351 4312 quod
1394 4237 1636 4316 quidem
1688 4245 2007 4319 prudenter

471 4318 959 4388 animadvertunt
978 4324 1275 4388 Antonius
1293 4330 1661 4411 Augustinus
1683 4337 1743 4394 in
1766 4337 2007 4402 laudata

473 4412 840 4492 praefatione
856 4414 932 4476 ad
950 4415 1308 4500 Gregorium
1324 4423 1414 4484 xl
1421 4425 1497 4485 11.
1522 4426 1800 4508 Cujacius
1821 4433 1897 4493 ad
1914 4454 2008 4498 ca-

472 4513 582 4586 put
616 4512 669 4567 1.
704 4506 824 4582 Qui
851 4507 1081 4583 Clerici,
1121 4516 1470 4579 colvovemos
1490 4532 1590 4581 otc.
1626 4523 1916 4589 Gonzalez
1940 4527 2006 4589 in

464 4609 755 4681 apparatu
772 4602 1337 4685 adjusCanonicum
1351 4619 1492 4674 tom.
1512 4618 1565 4673 1.
1584 4633 1751 4680 num.
1769 4624 1864 4682 53.
1882 4620 2017 4683 Jam

473 4712 616 4756 vero
642 4695 691 4755 si
720 4698 856 4776 quis
874 4698 1159 4781 'colligere
1205 4704 1464 4769 voluerit
1487 4751 1506 4780 ,
1539 4708 2006 4792 quidquidscri-

467 4796 644 4874 ptum*
671 4789 1048 4870 reliquerunt
1077 4794 1339 4879 insignes
1370 4798 1679 4882 Canonum
1706 4804 2004 4886 interpre-
2038 4796 2043 4801 ’

473 4887 556 4941 tes
577 4883 702 4962 jam
724 4886 998 4964 superius
1023 4893 1417 4956 commendati
1436 4938 1453 4966 ,
1482 4903 1550 4969 et·
1560 4897 1857 4979 quidquid
1881 4903 2000 4964 De-

467 4976 779 5037 cretalium
806 4978 1195 5045 fundamento
1222 4984 1468 5050 innixus
1487 5034 1505 5064 ,
1537 4998 1598 5057 et
1623 4991 1954 5072 glossarum
1978 5042 1996 5070 ,

469 5073 856 5159 veterumque
901 5080 1465 5142 commentariorum
1492 5128 1508 5156 ,
1564 5077 1625 5145 et
1680 5085 1997 5154 Sacrarum

467 5159 1006 5243 Congregationum
1052 5173 1403 5238 auctoritate
1447 5177 1726 5257 suffultus
1773 5182 1997 5245 Romae

463 5252 700 5332 scripsit
732 5274 1055 5345 nunquam-⁸
1071 5263 1213 5340 satis
1253 5264 1531 5337 laudatus
1571 5271 1891 5353 Fagnanus
1930 5275 1995 5337 in

464 5346 589 5408 suis
617 5347 1070 5420 Commentariis
1094 5377 1272 5439 super
1292 5363 1635 5428 Decretales
1659 5411 1678 5440 ,
1707 5367 1772 5429 in
1799 5388 1996 5450 prom·-

465 5449 571 5521 ptu
592 5438 692 5504 hic
710 5452 870 5511 certe
888 5443 1136 5542 habebit
1147 5497 1167 5527 ,
1189 5455 1351 5519 unde
1367 5457 1660 5541 interpres
1683 5460 1994 5553 canonum

2139 671 2393 733 evadere
2416 673 2742 749 exceliens,
2758 676 3153 758 ‘maximeque
3167 675 3505 758 spoetabilis
3531 683 3664 759 pos-

2137 765 2233 827 sit.
2268 767 2904 833 Pater-Ecclesiasticae
2931 769 3216 834 historiae
3255 772 3374 834 fuit
3413 775 3669 854 Magnus

2137 858 2471 923 Cardinalis
2488 841 2809 937 Bar-onius,
2839 873 2899 940 et
2917 864 3029 946 ipsi
3050 865 3229 927 etiam
3255 866 3540 946 principis
3561 867 3665 928 de-

2139 952 2316 1015 betur
2341 955 2471 1016 laus
2492 957 2897 1020 inter-criticos
2912 1003 2929 1032 ,
2953 959 3054 1020 sed
3075 959 3394 1040 prudentes
3410 1005 3426 1032 ,
3449 978 3518 1020 ac
3539 979 3672 1020 mo-·

2101 1084 2103 1090 ‚
2135 1045 2388 1110 deratos.
2422 1049 2540 1111 Alii
2568 1061 2702 1137 post
2719 1072 2891 1126 eum,
2922 1053 3015 1114 vel
3045 1050 3273 1114 lumine
3299 1055 3379 1115 ab
3401 1053 3665 1135 ejusdem

2133 1141 2368 1222 scriptis
2392 1153 2690 1217 mutuate,
2720 1145 2813 1206 vel
2837 1146 3173 1227 cognitione
3190 1191 3206 1218 ,
3232 1165 3417 1227 quam
3442 1166 3517 1208 ex
3546 1144 3667 1208 nio-

2135 1236 2437 1298 numentis
2462 1237 2737 1319 deinceps
2756 1238 3016 1321 inventis
3040 1241 3392 1313 hauserunt,
3414 1239 3671 1302 ulterius

2134 1330 2429 1410 progressi
2453 1340 2594 1392 sunt
2618 1375 2635 1404 ,
2668 1339 2729 1392 et
2754 1332 2816 1393 in
2845 1333 3139 1412 praesenti
3176 1342 3365 1394 enata·
3385 1341 3479 1395 est
3516 1352 3671 1396 nova

2135 1423 2465 1502 quaedam,
2494 1433 2561 1486 ut
2587 1424 2673 1486 ita
2699 1424 2892 1498 dicam
2910 1471 2926 1500 ,
2952 1425 3270 1506 professio,
3297 1446 3453 1507 quae
3478 1426 3675 1489 Eccle-

2132 1516 2365 1581 siastica
2387 1518 2646 1579 eruditio
2664 1509 3067 1601 nuncupatur,
3087 1521 3180 1602 cuj
3188 1539 3256 1580 us
3268 1520 3496 1582 utilitas
3509 1519 3666 1594 talis,

2131 1629 2203 1681 ac
2232 1619 2397 1676 tanta
2421 1620 2542 1685 est,
2573 1621 2644 1674 ut
2662 1613 2873 1695 religio
2901 1622 3103 1676 nostra
3129 1615 3319 1685 multa
3345 1615 3537 1677 eidem
3563 1615 3668 1677 de-

2087 1714 2098 1796 J
2131 1705 2271 1767 beat
2295 1715 2355 1767 et
2381 1707 2673 1785 praesidia
2701 1708 3043 1770 stabilitatis
3066 1754 3084 1782 ,
3112 1715 3172 1770 et
3194 1718 3551 1773 ornamenta
3574 1709 3668 1773 di-

2131 1798 2376 1879 gnitatis
2407 1819 2571 1862 suae.

2254 1899 2346 1954 15.
2380 1895 2542 1956 Haec
2569 1895 2730 1956 enim
2763 1895 3202 1959 Ecclesiasticus
3226 1896 3404 1959 efficit
3441 1896 3518 1959 ad
3560 1917 3670 1960 sua

2131 2005 2383 2048 munera
2393 1987 2783 2049 «laudabiliter
2800 1989 3078 2051 obeunda
3099 1989 3366 2064 idoneos3
3384 1989 3460 2053 ad
3472 2011 3543 2053 ea
3561 1990 3669 2053 sci-

2129 2077 2268 2140 licet
2292 2081 2585 2155 curanda,
2617 2101 2775 2161 quae
2796 2083 3125 2146 necessaria
3146 2093 3316 2157 sunt,
3348 2093 3406 2146 et
3431 2085 3508 2147 ad
3534 2104 3668 2146 eam

2128 2174 2492 2235 afferendam
2508 2175 2803 2238 Ecclesiae
2819 2177 3160 2251 utilitatem,
3186 2197 3342 2258 quae
3362 2179 3444 2240 ab
3456 2198 3669 2248 eorum

2129 2265 2438 2329 laboribus
2457 2279 2821 2349 expectatur.
2844 2271 3097 2352 Magnus
3120 2271 3455 2332 Cardinalis
3476 2274 3663 2348 Bona,

2126 2360 2210 2420 P..
2227 2361 2600 2424 Christianus
2620 2365 2853 2444 Lupus,
2880 2357 3297 2439 MahilloniuS‚
3324 2362 3661 2441 Matienus,

2122 2461 2183 2518 et
2208 2454 2313 2517 alii
2342 2457 2675 2536 complures
2698 2503 2719 2530 ,
2746 2457 2855 2539 qui
2882 2459 2949 2520 in
2974 2460 3227 2521 decursu
3253 2460 3450 2542 operis
3475 2463 3666 2523 nomi-

2123 2550 2429 2610 nabuntur
2446 2594 2462 2621 ,
2488 2550 2798 2629 praeclara
2824 2559 2963 2627 sunt
2984 2552 3432 2625 Ecclesiasticae
3453 2554 3661 2617 erudi-

2123 2643 2303 2704 tionis
2323 2643 2586 2717 lumiua,
2614 2654 2674 2706 et
2698 2665 2907 2706 eorum
2930 2646 3193 2708 illustres
3218 2647 3453 2710 labores
3473 2649 3665 2712 Theo-

2124 2737 2260 2820 logo
2275 2738 2540 2812 fuerunt,
2564 2747 2625 2800 et
2644 2747 2785 2800 sunt
2805 2740 3099 2819 praesidio
3120 2761 3263 2803 sane
3284 2743 3361 2803 ad
3382 2743 3662 2824 dogmata

2121 2831 2263 2894 fidei
2293 2832 2649 2895 illustranda
2677 2854 2693 2893 ε
2723 2833 2887 2894 Juris
2910 2843 3111 2895 autem
3154 2835 3439 2911 Canonici
3471 2837 3661 2899 inter-

2121 2935 2348 3006 pretem
2375 2973 2391 3000 ,
2433 2927 2629 2988 omnis
2649 2933 2895 2993 ⁴remota
2938 2929 3160 2999 erroris
3184 2930 3413 2995 nebula
3436 2976 3452 3003 ,
3485 2931 3664 2996 facile

2122 3021 2351 3085 ducunt
2375 3022 2450 3083 ad
2479 3013 2928 3102 intelligendam
2954 3025 3651 3105 veteremslisciplinam,

2124 3136 2276 3192 (litae
2298 3136 2483 3174 novat!
2515 3116 2759 3177 feliciter
2787 3110 3185 3181 moderandae
3211 3118 3530 3183 utilissima
3549 3129 3657 3184 oet.

2126 3210 2415 3287 Quidquid
2449 3214 2621 3285 issimi·
2643 3198 2725 3270 ‘tle
2760 3213 2952 3294 ordine
2998 3223 3303 3294 temporum
3337 3226 3652 3279 transacto-

2122 3325 2246 3361 rum
2279 3307 2487 3363 indica!
2519 3327 2611 3369 m,
2649 3325 2789 3381 {luae
2814 3308 3431 3386 appellatur'hisloria,
3463 3312 3654 3390 pluri·

2117 3421 2271 3467 nium
2301 3421 2399 3461 nos
2426 3401 2659 3477 adjuvat
2689 3400 2765 3460 ad
2788 3421 2971 3462 sacros
3017 3403 3184 3462 libros
3221 3405 3609 3483 intolliymdes
3633 3455 3651 3478 ,

2118 3495 2337 3553 etiamsi
2356 3503 2598 3576 praeter-⁴
2614 3494 2924 3555 Ecclesiam
2960 3497 3173 3575 puerili
3213 3499 3522 3561 eruditione
3563 3502 3655 3562 di-

2115 3598 2309 3648 scatur
2328 3606 2349 3646 :
2379 3587 2564 3648 verba
2588 3594 2729 3648 sunt
2756 3587 2900 3649 haec
2927 3589 2988 3649 S.
3020 3588 3336 3672 Augustini
3369 3594 3465 3653 lib.
3498 3599 3557 3655 2.
3588 3596 3656 3657 do

2115 3680 2396 3747 Doctrina
2421 3679 2752 3742 Christiana
2776 3703 2898 3762 cap.
2931 3688 3029 3744 28.
3281 3687 3286 3690 ’
3438 3730 3446 3737 .
3509 3727 3516 3738 -

2233 3779 2328 3835 16.
2361 3774 2694 3836 cardinalis
2718 3775 3294 3843 GabrielPaleottus
3321 3829 3337 3857 ,
3371 3803 3494 3846 non
3526 3793 3649 3849 tam

2112 3867 2421 3947 Purpurae
2435 3913 2451 3941 ,
2481 3887 2666 3949 quam
2691 3870 3015 3951 sapientiae
3045 3874 3272 3937 lumine
3298 3880 3648 3957 praeclaris-

2111 3960 2299 4021 simus
2323 4006 2341 4034 ,
2369 3971 2439 4023 ut
2462 3961 2782 4038 historiae,
2814 3973 2874 4027 et
2897 3955 3257 4030 eruditionis
3278 3971 3648 4035 Ecclesiasti-

2111 4073 2213 4117 cae
2233 4054 2500 4117 studium
2522 4055 2586 4117 in
2609 4056 2722 4118 hac
2745 4058 2904 4120 Urbe
2921 4059 3077 4121 inter
3095 4059 3351 4125 Clericus
3373 4064 3647 4129 ihtrodu-

2115 4157 2300 4223 ceret,
2325 4169 2445 4211 non
2470 4151 2644 4213 modo
2666 4152 2821 4234 typis
2845 4152 3112 4234 imprimi
3131 4157 3456 4235 prudenter
3468 4161 3648 4243 jussit

2113 4242 2260 4305 duos
2282 4244 2468 4308 libros
2483 4233 2766 4307 historiae
2781 4247 2995 4309 Sacrae
3015 4248 3217 4311 Severi
3242 4252 3513 4334 Sulpicii,
3538 4257 3643 4320 sed

2111 4338 2292 4400 etiam
2320 4340 2477 4401 notis
2501 4359 2539 4401 a
2564 4339 2777 4401 Carolo
2801 4340 3043 4422 Sigonio
3076 4343 3210 4406 viro
3233 4348 3511 4427 apprime
3535 4351 3645 4412 do-

2111 4439 2204 4494 cto
2230 4432 2521 4497 illustrari
2543 4480 2559 4506 ,
2591 4433 2697 4513 qui
2725 4443 3040 4515 propterea
3067 4435 3132 4498 in
3161 4433 3533 4519 praefatione
3562 4446 3642 4508 ad

2110 4529 2375 4589 eundem.
2393 4528 2771 4590 Cardinalem
2787 4574 2803 4601 ,
2834 4529 3034 4610 inquit
3056 4552 3071 4589 ε
3099 4531 3476 4607 >Quamobrem
3499 4550 3643 4615 recto

2091 4622 2413 4713 ,prudentia
2443 4634 2625 4683 vestra
2646 4623 2992 4707 ,breviarium
3017 4625 3134 4703 ojus
3170 4629 3299 4700 (hoc
3324 4641 3399 4690 est
3430 4631 3649 4699 Sacrae

2110 4715 2430 4791 Historias)
2457 4717 2687 4794 aliquod
2712 4736 2789 4781 ex
2818 4720 3084 4801 inanimo
3109 4721 3213 4782 illo
3235 4725 3535 4805 utriusqus
3563 4738 3642 4789 ts—

2103 4811 2368 4871 stamenti
2381 4829 2610 4889 corporo
2633 4812 3642 4899 conquisitiqflqmmudioen'jm·

2057 4935 2059 4937 ·
2110 4913 2196 4964 tus
2223 4906 2413 4965 onmia
2437 4903 2509 4963 ab
2536 4902 2723 4964 Adam
2746 4903 3386 4983 manistram,
3428 4915 3574 4979 idon
3604 4933 3645 4979 a

2099 5008 2322 5078 peccato
2365 4997 2440 5057 ad
2476 4998 2717 5058 saluum
2745 4999 2809 5058 in
2846 5000 3022 5078 ipsius
3051 4991 3171 5075 Dec,
3200 4999 3411 5084 populo
3453 5022 3636 5088 qesta,

2102 5093 2269 5169 quasi
2290 5092 2353 5149 in
2373 5110 2547 5151 unam
2573 5092 3059 5163 inhumanatam
3077 5098 3430 5177 conspiceret:
3447 5113 3499 5162 ot
3514 5111 3643 5166 cuin

2100 5184 2239 5247 duos
2259 5182 2453 5252 Severi
2479 5178 2729 5263 Sulpicii
2755 5185 2921 5245 libres
2950 5187 3011 5246 in
3038 5188 3136 5248 hoc
3165 5209 3357 5267 ymen
3384 5194 3642 5270 distincte

2099 5277 2399 5339 admodum
2447 5297 2514 5338 ac
2557 5286 2752 5338 ornato
2800 5280 3031 5358 scriptos
3058 5283 3316 5361 probavit
3343 5332 3359 5356 ,
3395 5297 3518 5349 tum
3557 5293 3636 5353 ad

2101 5364 2405 5433 tollendum
2423 5373 2814 5455 exquisitioris
2829 5361 3309 5455 iiiior-motationis
3325 5380 3639 5447 hominibus

2098 5468 2379 5547 occupatis
2404 5466 2652 5529 laborm
2677 5513 2695 5538 ,
2724 5467 2934 5537 cosdem
2973 5470 3145 5531 eciam
3182 5475 3523 5552 expositione
3556 5481 3634 5543 il»
