4487 6316
1011 512 1110 562 152

831 650 999 714 sabili
1025 653 1186 715 dono
1211 652 1369 714 nibil
1392 662 1495 715 aut
1522 672 1734 734 parum
1765 654 2047 735 cogitent,
2080 663 2134 715 et
2169 655 2371 734 quoti-

826 744 1008 807 diana
1048 746 1478 808 consuetudine
1509 747 1571 806 in
1598 746 2021 828 negligentiam
2050 756 2110 809 et
2140 746 2372 808 indit'l'e-

824 839 1093 901 rentiam
1131 839 1439 902 decidant:
1502 841 1841 920 producunt
1898 841 2082 902 etiam
2141 840 2370 902 Odonis

817 934 1060 995 secundi
1094 935 1348 997 Abbatis
1398 934 1806 1016 cluniacensis
1832 924 2188 998 Sententiam
2208 981 2225 1009 ,
2259 936 2370 1016 qui

818 1026 881 1087 in
904 1028 1027 1088 suis
1053 1029 1491 1091 Collationibus
1527 1030 1645 1103 ait,
1670 1030 1736 1090 in
1787 1029 2084 1091 Ecclesiae
2115 1031 2372 1110 primor-

820 1122 935 1183 diis
963 1122 1122 1183 haud
1148 1124 1230 1185 ita
1261 1144 1457 1205 saepe,
1490 1124 1594 1186 sed
1621 1125 1834 1206 majori
1870 1145 2007 1187 cum
2053 1125 2370 1187 devotione

821 1216 1064 1279 Missam
1092 1217 1381 1281 celebrari
1403 1220 1808 1281 consuevisse:
1843 1218 2009 1293 Quod
2041 1221 2370 1298 mysterium

813 1314 1147 1393 primordiis
1170 1313 1457 1374 Ecclesiae
1479 1334 1591 1373 non
1617 1324 1731 1376 tam
1757 1315 2093 1393 frequenter,
2124 1325 2188 1373 ut
2216 1335 2367 1374 nunc

814 1406 1199 1467 celebrabatur
1225 1427 1249 1466 2-
1275 1419 1458 1469 tannen
1499 1418 1710 1487 quanto
1749 1410 1975 1478 rarius,
2034 1418 2191 1469 tanto
2236 1411 2369 1469 reli-

814 1502 1023 1579 qiosius
1072 1504 1377 1581 aqcbatur:
1407 1513 1488 1561 ut·
1521 1522 1672 1563 nunc
1698 1503 1858 1563 valde
1893 1504 2118 1581 quidem
2144 1551 2160 1574 ‚
2204 1504 2366 1565 valde

816 1594 1132 1672 frequenter
1158 1645 1174 1668 ‚
1219 1598 1313 1658 sed
1339 1598 1486 1675 quod
1507 1599 1677 1657 nimis
1703 1598 2000 1657 dolendum
2030 1609 2107 1657 cst
2135 1645 2151 1668 ,
2182 1601 2364 1676 1139ῑί-

813 1691 1034 1766 gentius
1062 1691 1485 1769 frequentatur.
1522 1688 1798 1769 Denique
1824 1690 1900 1752 ad
1929 1690 2361 1770 experientiam

815 1792 1178 1873 provocant,
1226 1803 1384 1863 quae
1421 1784 1809 1846 demonstrat.
1841 1804 1942 1845 eos
1969 1785 2316 1847 Sacerdotes
2341 1830 2359 1859 ,

1773 512 1856 563 D!
1884 510 2366 563 smnossucTo
2403 509 2619 563 MlSSAE
2659 508 3037 563 small-‘Icto

2481 657 2604 717 ben!
2632 703 2647 726 ‚
2679 666 2814 719 sum
2844 657 3070 717 omnino
3095 664 3263 723 extra
3276 656 3544 737 qratiam
3567 662 3792 735 oratum
3822 656 4035 734 [w'en-

2481 761 2606 811 tem.
2640 749 2819 830 Saepe
2845 752 2993 811 enim
3019 752 3315 828 continqit,
3348 750 3622 823 hominem
3649 752 3720 810 ab
3747 752 4034 828 hujusmo-

2479 846 2542 905 di
2576 845 2807 920 fervoris
2835 844 3122 927 affectibus
3162 845 3425 924 impediri
3451 846 3571 905 eine
3596 847 3751 907 omni
3779 865 3884 904 sua
3911 849 4034 905 cul»-

2475 960 2573 1020 pa,
2596 942 2766 999 immo
2790 960 2919 1000 cum
2943 959 3144 1018 nmqno
3169 942 3386 999 morito,
3421 940 3497 999 Et
3526 938 3747 999 Suarez
3774 938 3885 999 loc.
3919 939 4022 1001 cit.

2475 1032 2789 1094 Dummodo
2814 1035 3081 1112 indiqnus
3102 1036 3336 1104 nonsit,
3368 1045 3419 1093 et
3447 1035 3712 1094 moratam
3735 1054 3801 1094 ao
3822 1035 4026 1094 huma-

2476 1146 2613 1188 nam
2642 1128 2997 1206 diliqenliam
3026 1129 3286 1189 adhibeat
3315 1174 3331 1197 ,
3368 1128 3622 1205 quamvis
3648 1128 3721 1187 sil
3767 1128 4030 1205 impersev-¹

2476 1234 2596 1281 ctus
2623 1269 2638 1292 ‚
2668 1241 2781 1281 non
2808 1223 2955 1282 debet
2990 1224 3068 1283 ab
3089 1222 3187 1281 hoc
3212 1241 3372 1281 sacro
3405 1239 3631 1280 munere
3663 1241 3893 1283 cessare.
3922 1221 4026 1281 Jo-

2474 1335 2663 1377 annes
2682 1314 2910 1377 Gerson
2933 1315 3184 1378 celebris
3213 1318 3431 1377 Doctor
3458 1324 3518 1376 et
3544 1334 3748 1375 rerum
3775 1334 3888 1374 usu
3919 1337 4024 1395 pe-

2475 1408 2629 1469 ritus
2666 1409 3002 1491 Theologus
3043 1416 3213 1470 tract.
3245 1415 3605 1488 praeparat.
3654 1408 3730 1479 ad
3775 1408 4019 1473 Missam

2475 1502 2829 1564 considerat.
2863 1509 2922 1562 2.
2957 1503 3100 1564 satis
3127 1504 3252 1564 esse
3274 1504 3444 1564 docet
3464 1502 3543 1567 ad
3570 1502 3811 1563 Missam
3841 1503 4021 1584 digne

2473 1595 2891 1667 celebrandam
2922 1644 2938 1667 ,
2968 1595 3016 1657 si
3050 1596 3333 1679 Sacerdos
3363 1604 3495 1676 post
3525 1596 3847 1668 discussam
3879 1596 4022 1657 dili-

2510 1691 2632 1751 enti
2658 1691 2937 1753 examine
2963 1709 3134 1752 suam
3162 1690 3349 1770 ipsius
3375 1690 3798 1763 conscentiam,
3828 1710 4021 1759 mora·
4067 1764 4070 1767 Ἴ

2496 1785 2609 1845 iter
2637 1793 2834 1846 certus
2859 1786 2937 1846 sit
2961 1805 3025 1846 se
3052 1805 3179 1847 esse
3208 1785 3272 1845 in
3302 1792 3458 1845 statu
3490 1785 3720 1866 gratiae
3748 1805 3764 1856 3
3796 1793 3858 1846 et
3883 1805 4020 1845 con-

754 1923 761 1931 .
813 1875 921 1956 qai
948 1875 1155 1937 rarius
1203 1876 1541 1950 celebrant,
1589 1877 1856 1939 sensibili
1902 1879 2362 1958 compunctione
2470 1879 2711 1943 siderat.
2750 1885 2806 1941 3.
2839 1880 2964 1954 ait,
2999 1899 3120 1941 non
3151 1900 3392 1941 omnem
3428 1878 3733 1957 ‘fervor—is,
3780 1888 3898 1961 aut
3924 1888 4020 1947 at-‚

477 2477 564 2518 Eu
592 2477 769 2521 rothum
817 2472 823 2478 ’

479 2543 660 2576 evertunt
668 2546 734 2576 ur.

811 1971 1009 2033 cordis
1029 2016 1046 2044 ,
1079 1979 1138 2032 et
1160 1971 1364 2032 multis
1396 1992 1532 2032 cum
1559 1970 1841 2054 lacrymis
1868 1972 2239 2034 Sacrificium
2275 1973 2363 2035 of-

2473 1973 2754 2034 tentionis
2799 1973 3096 2035 defectum
3138 1974 3378 2035 obstare
3403 2018 3420 2045 ,
3468 1972 3794 2053 quominus
3836 1974 4020 2063 Missa

811 2065 1010 2138 ferre;
1076 2085 1187 2126 nec
1256 2064 1411 2126 illud
1462 2066 1998 2146 praetermittunt,
2057 2069 2231 2148 quod·
2269 2069 2356 2149 pii
2469 2065 2650 2147 digne
2676 2066 3032 2130 celebretur.
3066 2066 3133 2127 Id
3162 2065 3326 2127 enim
3355 2085 3786 2146 saepenumero
3816 2087 3890 2128 ex
3924 2067 4022 2128 in-

811 2160 1255 2241 prudentesque
1308 2160 1649 2226 animarum
1702 2164 1978 2222 Rectores
2037 2163 2357 2225 consilium
2469 2159 2705 2221 serioris
2734 2162 2923 2242 partis
2952 2161 3283 2223 rebellione
3310 2160 3440 2227 fieri
3469 2181 3672 2241 „quae
3700 2181 3820 2222 non
3867 2182 4021 2243 pen-

812 2254 961 2321 dant.
986 2255 1428 2328 Sacerdotibus,
1471 2263 1538 2316 ut
1560 2254 1879 2335 aliquoties
1903 2255 2146 2329 Missam
2178 2257 2358 2320 omit-

810 2355 971 2421 tant,
1004 2368 1111 2409 nec
1135 2347 1404 2428 quotidie
1450 2348 1753 2419 celebrent
1777 2392 1792 2408 .
2317 2410 2322 2413 ,

927 2448 984 2503 3.
1020 2443 1161 2516 Qua
1184 2443 1455 2504 oratione
1491 2442 1666 2523 plura
1705 2442 1900 2523 capita
1942 2444 2347 2517 continentur.

804 2536 1009 2598 Primo
1040 2537 1192 2598 illud
1220 2537 1515 2617 pretiosus
1537 2558 1662 2599 esse
1689 2540 1860 2619 ajunt
1886 2584 1902 2611 ,
1937 2539 2098 2618 quod
2128 2540 2346 2600 rarius.

803 2632 915 2693 Sed
947 2633 1062 2693 hoc
1094 2631 1250 2693 nihil
1297 2633 1374 2693 ad
1409 2631 1567 2692 hanc
1606 2653 1735 2693 rem
1761 2678 1778 2705 ,
1812 2633 1886 2693 de
1929 2653 2050 2712 qua
2090 2634 2344 2714 agimus.

804 2727 1093 2789 Sacrificii
1116 2727 1277 2789 enim
1306 2727 1568 2808 pretium
1596 2747 1670 2788 ex
1696 2727 1770 2788 iis
1796 2727 2214 2808 spiritualisus
2240 2730 2348 2790 bo-

805 2822 901 2883 nis
925 2843 941 2896 3
975 2841 1131 2903 quae
1157 2840 1339 2902 supra
1368 2820 1832 2882 memoravimus
1857 2867 1874 2894 ,
1910 2822 2350 2884 aestimandum

805 2924 931 2990 est3
964 2935 1121 2996 quae
1153 2917 1312 2977 bona
1342 2935 1412 2976 eo
1438 2923 1579 2976 sunt
1606 2916 1832 2997 majora
1858 2961 1875 2988 ,
1909 2934 2031 2994 quo
2063 2914 2348 2996 frequen-

806 3012 926 3073 tius
955 3010 1024 3072 fit
1051 3009 1445 3072 Sacrificium.
1483 3010 1754 3071 Secundo
1783 3011 1955 3091 ajunt
1983 3055 1999 3082 ,
2037 3026 2346 3073 333115113-

2466 2254 2563 2315 det
2592 2257 2670 2317 ab
2694 2255 2950 2341 arbitrio
2979 2263 3201 2317 nostro·
3235 2255 3722 2341 Consideratione
3747 2275 3892 2316 vero
3915 2261 4015 2332 21.

2465 2347 2655 2421 docet,
2686 2350 2873 2410 satius
2902 2370 3028 2416 esse
3050 2348 3646 2422 Missamcelebrare,
3671 2368 3855 2429 quam
3882 2370 4018 2430 pro-

2463 2450 2595 2521 pter
2624 2442 2879 2519 fervoris
2908 2443 3205 2504 defectum
3232 2443 3311 2505 ab
3341 2463 3412 2505 ea
3437 2442 3796 2505 celebranda
3825 2444 4012 2506 absti-

2464 2556 2641 2597 nere:
2674 2537 2788 2597 Sed
2815 2539 3059 2616 frigidus
3084 2558 3208 2597 sum
3228 2584 3244 2606 ,
3270 2538 3409 2621 dicis
3432 2584 3446 2607 ,
3477 2548 3577 2597 aut
3609 2538 3844 2617 tepidus.
3878 2537 4017 2607 Soe-

2457 2650 2527 2709 pc
2560 2635 2799 2711 suscipit
2833 2634 3066 2691 initium
3096 2634 3479 2709 celebrationis
3506 2633 3779 2691 hominem
3804 2652 4014 2711 parum

2461 2725 2714 2784 devotum
2738 2772 2754 2799 ,
2789 2738 2838 2785 et
2873 2728 3149 2805 [rigidum
3170 2773 3189 2800 ,
3221 2747 3384 2805 quem
3412 2727 3495 2785 io·
3518 2728 3629 2807 fine
3658 2728 4012 2793 fatiscentem

2460 2819 2696 2884 dimittit
2727 2867 2741 2887 ‚
2775 2831 2824 2879 ct
2853 2821 3149 2897 seruitium.

2577 2917 2635 2972 4.
2667 2910 3063 2976 Consentiunt
3082 2934 3217 2975 cum
3247 2913 3344 2974 his
3373 2913 3696 2986 Tanlerus,
3727 2922 3786 2974 et
3818 2913 4009 2975 Ludo·
4103 2957 4339 3010 Frequen-

2458 3006 2625 3069 vicus
2645 3008 2959 3081 BlesensiS,
2995 3009 3194 3091 magni
3225 3008 3718 3089 regendarumxin
3749 3008 3846 3069 via
3880 3029 4010 3088 per·
4050 3069 4061 3111 Ι
4089 3012 4325 3056 wlff-²⁸⁰
4368 3039 4374 3044 ·

4066 3070 4276 3118 studetur,
4310 3079 4357 3114 ez

2459 3099 2730 3164 sectionis
2777 3103 3120 3172 animarum
3172 3103 3487 3186 magistri,
3536 3122 3688 3183 quos
3727 3102 4002 3184 sequitur
4047 3126 4290 3169 mente-mr
4330 3142 4355 3170 ι

2457 3197 2736 3258 Petavius
2764 3198 3047 3280 Theolog.
3076 3201 3349 3279 Dogmat.
3382 3197 3488 3258 lib.
3522 3203 3579 3258 ὁ.
3613 3217 3744 3277 cap.
3783 3203 3838 3258 1.
3877 3201 4000 3258 An·
4045 3186 4137 3286 2¹2⁸„
4180 3198 4357 3301 “3:2¹2

2452 3291 2651 3354 tonius
2681 3293 2908 3356 Moliua
2949 3292 3382 3358 Carthusianus
3408 3293 3740 3354 Monachus
3771 3292 3832 3352 in
3883 3292 3992 3353 lib.
4029 3303 4150 3364 stri·-

803 3105 1011 3171 tudine
1041 3105 1314 3167 homines
1342 3105 1403 3166 in
1438 3104 1864 3188 negligentiam
1891 3112 1950 3166 et
1996 3104 2345 3166 indifferen-

800 3200 945 3263 tiam
975 3200 1095 3262 labi
1124 3221 1140 3273 ;
1169 3208 1351 3280 atque
1382 3199 1443 3260 id
1474 3218 1717 3279 quoque
1743 3200 1817 3260 ad
1845 3220 1968 3259 rem
2003 3199 2159 3260 hanc
2188 3199 2342 3261 nihil

795 3296 1085 3379 pertinet,
1116 3315 1253 3357 cum
1280 3293 1443 3355 enim
1470 3293 1758 3366 dicimus,
1791 3293 2006 3354 melius
2032 3314 2158 3354 aese
2187 3313 2341 3374 quo-

796 3390 963 3465 tidie,
994 3390 1090 3452 vel
1112 3409 1297 3471 quam
1320 3388 1799 3469 frequentissime
1828 3388 2152 3461 celebrare,
2187 3389 2339 3451 illud

788 3494 948 3547 certe
990 3484 1271 3546 volumus
1296 3530 1312 3556 ,
1360 3503 1498 3545 eum
1530 3483 1635 3563 qui
1684 3483 1982 3555 celebret,
2018 3484 2171 3544 bene
2214 3504 2341 3544 esse

789 3580 1164 3660 dispositum.
1188 3578 1483 3640 Tertium
1512 3578 1590 3640 ad
1619 3577 1839 3638 veteris
1864 3577 2162 3638 Ecclesiae
2191 3597 2337 3638 con-

789 3664 1167 3735 suetudinem
1197 3673 1474 3753 pertinct,
1504 3672 1578 3733 de
1604 3691 1725 3752 qua
1756 3671 1960 3752 paullo
1991 3681 2121 3752 post
2148 3671 2336 3734 disse-

787 3787 1009 3829 remus.
1047 3767 1344 3841 Quartum
1373 3775 1460 3828 est
1493 3767 1566 3827 de
1599 3766 1811 3847 majori
1842 3766 2330 3846 compunctione,

787 3859 1055 3922 sensibili
1090 3860 1416 3922 devotione
1438 3906 1454 3934 ,
1500 3869 1560 3922 et
1598 3859 1883 3942 lacrymis
1923 3879 2132 3922 eorum
2159 3906 2175 3934 ,
2221 3861 2331 3942 qui

783 3955 1091 4017 celebrant
1118 3955 1357 4028 rarius;
1391 3955 1497 4015 ubi
1526 3955 1823 4034 quaedam
1856 3954 2001 4020 latet
2026 3955 2329 4038 ambigui-

783 4056 890 4110 tas.
919 4049 1128 4129 Neque
1149 4048 1309 4108 enim
1336 4048 1498 4128 quod
1521 4047 1790 4110 sensibili
1820 4047 2016 4109 cordis
2036 4068 2329 4129 compun-

781 4144 979 4205 ctione
1000 4152 1059 4205 et
1082 4142 1489 4225 lacrymarum
1505 4141 1663 4203 dono
1682 4161 2012 4216 careamuS,
2038 4151 2145 4204 aut
2163 4144 2328 4222 quod

781 4236 1013 4298 defectu
1049 4236 1256 4316 aliquo
1285 4235 1629 4296 laboremus
1651 4281 1668 4307 ,
1705 4234 2058 4315 quotidiana
2085 4243 2326 4315 propte-

779 4330 1360 4393 rea’intermittenda
1401 4337 1490 4390 est
1527 4328 1745 4390 Missae
1783 4328 2125 4391 celebratio.
2169 4330 2326 4392 Satis

780 4424 942 4485 enim
967 4432 1075 4497 est,
1105 4443 1229 4505 quo
1254 4422 1539 4484 Sacerdos
1565 4421 1809 4483 Missam
1832 4420 2012 4503 digne
2038 4421 2322 4496 celebret,

778 4518 830 4579 si
858 4519 1147 4600 indignus
1176 4538 1298 4580 non
1333 4518 1453 4592 sit,
1486 4535 1849 4597 omnemque
1880 4516 2172 4578 moralem
2197 4562 2215 4590 ,
2264 4523 2324 4578 et

776 4632 937 4695 quae
969 4613 1035 4673 in
1075 4612 1383 4675 hominem
1414 4613 1625 4673 cadere
1666 4619 1900 4692 potest,
1945 4609 2322 4691 diligentiam

777 4707 1081 4769 adhibeat.
1116 4708 1207 4768 Ita
1233 4706 1294 4767 S.
1326 4706 1667 4768 Antoninus
1693 4706 1822 4766 loco
1850 4704 2064 4766 citato:
2095 4703 2170 4763 Si
2194 4706 2323 4783 quis

774 4811 962 4863 autem
992 4802 1157 4861 illam
1198 4802 1607 4881 dispositionem
1639 4797 2005 4881 (celebrandi
2041 4797 2318 4878 Missam)

773 4899 838 4956 in
855 4916 909 4956 se
922 4896 1182 4972 judicare
1204 4897 1439 4954 voluerit
1467 4914 1542 4956 σω
1567 4895 1819 4955 sensibili
1845 4894 2024 4955 cordis
2050 4911 2317 4972 compun-

768 4992 947 5050 ctione
973 5036 989 5058 ,
1014 4988 1334 5067 profusione
1369 4989 1754 5068 lacrymarum
1777 5035 1794 5058 ‚
1828 4986 2040 5063 fervore
2070 4987 2270 5046 mentis
2296 5033 2313 5056 ,

770 5094 820 5145 et
848 5084 1129 5143 similibus
1155 5083 1497 5142 sentimentis
1521 5130 1537 5152 ‚
1568 5084 1654 5142 ita
1680 5082 1828 5160 quod
1857 5091 1989 5141 tunc
2035 5081 2222 5141 credat
2262 5100 2316 5141 se

770 5178 1119 5258 dispositum,
1146 5175 1372 5254 quando
1393 5177 1503 5235 tale
1525 5175 1663 5254 quid
1683 5176 1848 5234 sentit
1876 5185 1925 5233 et
1952 5175 2177 5253 quando
2202 5193 2318 5233 non

764 5273 1042 5353 percipit,
1092 5270 1487 5350 indispositum
1511 5316 1527 5338 ‚
1562 5270 1723 5330 valde
1753 5270 1976 5330 incaute
2013 5269 2269 5329 ambulat
2295 5315 2311 5338 ,

768 5376 819 5424 et
844 5366 1156 5445 saepissime
1187 5365 1482 5444 decipitur.
1506 5360 1805 5424 Multoties
1847 5364 1949 5440 qui
1980 5363 2069 5422 nil
2111 5364 2317 5423 talium

768 5460 999 5530 habent,
1032 5469 1163 5520 sunt
1193 5461 1258 5518 in
1283 5476 1486 5537 maqno
1526 5465 1682 5518 statu
1720 5457 1975 5535 gratiae,
2004 5465 2056 5515 et
2084 5457 2186 5534 qui
2216 5456 2316 5517 ha-

2449 3386 2523 3447 de
2553 3387 2950 3474 lnstructione
2992 3388 3294 3450 Sacerdot.
3347 3396 3600 3450 tractatu
3641 3393 3701 3448 7.
3756 3407 3887 3468 cap.
3933 3395 3993 3468 8.

2448 3500 2665 3562 magna
2699 3502 2842 3543 sane
2873 3483 3090 3562 pietate
3117 3490 3177 3544 et
3211 3482 3450 3545 devotis
3482 3483 3757 3543 sensibus
3797 3492 3998 3545 osten-

2447 3575 2575 3649 dit,
2614 3576 3032 3639 Sacerdotibus
3058 3623 3075 3650 ,
3105 3576 3212 3657 qui
3244 3577 3389 3639 satis
3418 3577 3685 3658 dispositi
3731 3586 3875 3641 sunt
3915 3578 3995 3640 ad
4106 3647 4111 3658 ⁴

2444 3670 2871 3735 celebrandum
2897 3717 2913 3744 ,
2945 3692 3065 3733 non
3101 3672 3696 3751 praetermittendum
3724 3694 3850 3736 esse
3884 3674 3994 3736 Sa-

2445 3762 2740 3825 crificium
2769 3785 2845 3825 ex
2872 3784 3050 3826 causa
3076 3764 3441 3826 humilitatis
3473 3774 3532 3827 et
3573 3768 3947 3829 reverentiae
3974 3788 3992 3827 :

2442 3864 2571 3918 tum
2601 3878 2702 3918 eos
2731 3859 2913 3920 etiam
2942 3878 3067 3920 esse
3092 3854 3615 3939 reprehendendos
3639 3906 3656 3933 ,
3690 3861 3795 3940 qui
3847 3880 3987 3941 pro-

2443 3960 2575 4031 pter
2599 3953 3013 4034 occupationes
3033 3962 3094 4015 et
3121 3954 3475 4035 temporales
3490 3974 3665 4016 curas
3681 3955 3988 4018 celebrare

2440 4046 2744 4107 omittunt.
2781 4048 3154 4109 Postremum
3178 4056 3377 4128 caput,
3400 4049 3563 4128 quod
3586 4050 3985 4132 objiciebant,

2439 4140 2688 4202 consilia
2720 4142 3026 4215 continet,
3056 4162 3214 4223 quae
3246 4143 3325 4228 ab
3358 4143 3702 4205 animarum
3735 4145 3982 4206 rectori-

2438 4235 2551 4296 bus
2565 4235 2784 4296 dantur
2798 4236 3238 4310 Sacerdotibus,
3266 4257 3342 4298 ne
3361 4237 3629 4318 quotidie
3649 4238 3975 4310 celebrent,

2435 4329 2538 4390 sed
2590 4329 2910 4410 aliquoties
2955 4330 3035 4392 ab
3085 4331 3390 4393 offerendo
3436 4331 3742 4396 Sacrificio
3791 4333 3980 4394 absti-

2435 4432 2637 4485 neant.
2674 4424 2904 4485 Verum
2935 4424 3082 4488 haec
3110 4433 3195 4490 est
3222 4425 3521 4507 generalis
3546 4425 3795 4515 regulae
3825 4427 3981 4488 limi-

2437 4515 2580 4577 tatio
2606 4562 2623 4589 ,
2667 4517 2878 4598 regula
2911 4525 3113 4592 autem
3143 4537 3180 4580 a
3209 4518 3568 4582 limitatione
3612 4540 3733 4581 non
3781 4529 3971 4601 potest

2431 4609 2639 4670 everti.
2678 4609 2738 4670 S.
2773 4609 3120 4691 Philippum
3145 4611 3396 4673 Nerium
3425 4612 3611 4674 tradit
3636 4613 3882 4675 Raecius
3912 4613 3976 4674 in

2432 4703 2561 4782 ejus
2587 4702 2714 4764 vita
2742 4702 2852 4763 lib.
2887 4708 2944 4763 2.
2972 4724 3100 4783 cap.
3133 4709 3187 4764 1.
3219 4705 3503 4766 omnibus
3528 4706 3970 4781 SacerdotibuS,

2428 4815 2690 4877 quorum
2716 4795 3126 4859 Confessiones
3154 4798 3434 4862 audiebat
3463 4845 3480 4873 ,
3516 4799 3834 4861 consilium
3862 4801 3972 4862 da-

2430 4908 2497 4951 re
2517 4890 2911 4964 consuevisse,
2935 4899 3003 4952 ut
3021 4891 3292 4971 quotidie
3318 4893 3711 4967 celebrarent,
3736 4892 3972 4956 etiamsi

2429 4990 2557 5043 tum
2599 4982 2882 5064 temporis
2921 4984 3200 5046 haud-ita
3241 4983 3587 5065 frequenter
3625 4986 3971 5048 Sacerdotes

2424 5075 2797 5138 Sacrificium
2841 5076 3034 5139 facere
3074 5077 3376 5142 solerent:
3410 5079 3656 5159 quidam
3704 5098 3846 5140 vero
3892 5075 3971 5140 ne

2425 5170 2693 5250 quotidie
2734 5171 3150 5245 celebrarent,
3198 5170 3465 5247 vetasse,
3510 5171 3693 5255 idque
3718 5220 3735 5247 ,
3767 5183 3838 5235 ut
3867 5193 3970 5234 eos

2427 5262 2884 5326 mortificatione
2909 5265 3251 5346 subigeret,
3285 5267 3490 5346 eisque
3522 5267 3764 5350 majoris
3795 5265 3970 5328 meri-

2426 5356 2471 5424 ti
2498 5357 2867 5422 occasionem
2895 5360 3228 5438 praeberet.
3263 5362 3336 5421 In
3367 5360 3525 5422 libro
3566 5357 3663 5423 cui
3710 5360 3919 5423 titulus
3946 5381 3963 5421 2

2425 5450 2493 5512 S.
2527 5451 2817 5514 Francisci
2848 5452 3061 5515 Sale-sii
3090 5453 3347 5536 Spiritus
3375 5503 3393 5526 ‚
3431 5455 3588 5538 typis
3620 5455 3817 5528 editus
3843 5456 3968 5516 Lu-
