4487 6316
988 516 1061 565 ‘to
1772 518 1861 574 DE
1897 509 2381 570 SACROSANCTO
2419 515 2633 567 MtssAE
2670 514 3045 568 sac-mmcto

474 673 536 711 ιε-
582 671 727 714 inim
747 702 762 723 .
806 655 958 718 lium
993 656 1215 719 scilicet
1250 665 1311 720 et
1344 658 1635 739 Spiritum
1669 659 1952 721 Sanctum
1983 660 2200 723 invitat
2228 662 2342 721 Ec·
2455 670 2700 719 mentum
2717 658 2928 735 aliquis
2945 656 3435 718 accedatmanibm
3455 657 3625 715 etiam
3637 657 4005 734 corporaliter

473 728 763 829 m
800 752 980 813 clesia
1002 798 1018 825 ‚
1048 761 1117 813 ut
1142 752 1500 815 delabantur
1528 776 1562 814 e
1588 754 1785 816 Coelo.
1817 755 1967 816 Cum
1997 775 2142 817 vero
2171 776 2343 817 suam
2453 753 2788 829 inquinatis.
2851 750 3108 810 Secundo
3133 798 3148 821 ,
3205 760 3435 831 propter
3491 749 3994 832 siqnifieationem·,

800 843 1009 927 dirigit
1041 846 1369 907 orationem
1397 847 1474 907 ad
1503 847 1740 909 Patrem
1767 894 1784 922 ,
1821 868 1945 909 non
1979 849 2122 910 dicit
2163 848 2303 910 Veni
2325 895 2342 923 ,

798 940 902 1001 sed
932 939 1111 1001 Mitte
1150 939 1437 1020 Spiritum
1471 952 1631 1000 tuum
1659 990 1673 1011 ‚
1707 941 1801 1003 vel
1832 942 2003 1004 Mitte
2032 945 2187 1002 nobis
2229 943 2344 1003 Re-

800 1034 1152 1113 demptorem,
1177 1035 1350 1096 Mitte
1366 1056 1597 1113 aqnum,
1621 1038 1723 1114 qui
1752 1037 1899 1096 tollit
1920 1050 2146 1116 peccata
2177 1059 2346 1098 mun-

798 1128 879 1186 di.
912 1127 1319 1202 Quamobrem
1352 1150 1489 1190 cum
1517 1128 1728 1191 Oratio
1755 1130 1893 1192 Veni
1919 1131 2341 1213 sanctificator,

792 1238 917 1281 non
941 1223 1126 1301 possit
1155 1223 1406 1304 intelligi
1432 1223 1505 1284 de
1535 1221 1712 1297 Filio,
1743 1244 1853 1304 pro
1877 1230 2000 1304 qiio
2026 1226 2097 1286 fit
2130 1227 2339 1307 depre-

788 1314 977 1387 catio,
1013 1316 1284 1397 sequitur
1309 1363 1325 1388 ‚
1355 1317 1806 1399 intelligendam
1841 1340 1966 1381 esse
1998 1320 2073 1380 de
2101 1321 2333 1401 Spiritu

789 1408 1005 1470 Sancto
1028 1455 1044 1482 ,
1077 1410 1308 1472 etiamsi
1347 1411 1412 1471 in
1448 1411 1734 1474 Oratione
1770 1414 1847 1474 sit
1884 1415 2139 1476 verbum
2177 1414 2334 1476 illud

789 1499 1170 1582 Omnipotens.
1200 1504 1457 1585 Spiritus
1477 1507 1639 1566 enim
1666 1507 1916 1568 Sanctus
1943 1509 2102 1570 Deus
2131 1518 2239 1582 est,
2272 1518 2332 1572 ct

787 1603 1065 1666 aeternus
1091 1598 1234 1659 item
1273 1607 1341 1659 ut
1368 1601 1541 1661 Pater
1578 1609 1636 1663 et
1673 1601 1883 1663 Filius.
1919 1602 2215 1665 Videatur
2252 1604 2336 1665 Le

785 1689 953 1751 Brun
984 1699 1126 1753 tom.
1168 1697 1222 1753 1.
1260 1712 1398 1774 pag.
1439 1698 1575 1754 329.
1609 1700 1821 1775 etseq.

1340 1972 1729 2055 carnrm.

786 2251 791 2256 ’
901 2249 985 2316 De
1001 2254 1283 2315 ablutione
1302 2276 1576 2318 manuum
1592 2277 1765 2337 usque
1791 2258 1868 2320 ad
1890 2236 2195 2320 Canonem.

787 2442 839 2499 1.
887 2381 1100 2503 Dicta
1126 2442 1412 2506 Oratione
1448 2445 1587 2506 Veni
1602 2448 2014 2528 sanctificator,
2048 2446 2333 2508 Sacerdos

2453 849 2591 925 quia
2608 856 2674 905 ut
2692 845 2998 924 Dionysius
3019 847 3155 904 dicit
3181 892 3198 914 ‚
3222 846 3644 904 extremitatum
3662 841 3895 903 Ablutio
3918 845 3999 904 si-

2453 942 2682 1021 qnificat
2701 941 3145 1000 emundationem
3163 941 3378 999 etiama
3397 940 3646 997 minimis
3664 941 3897 1017 peccatis
3917 957 4001 997 se-

2454 1036 2698 1094 cundum
2717 1036 2867 1094 illud
2886 1033 3126 1095 loannis
3148 1054 3271 1113 cap.
3301 1038 3393 1093 13.
3422 1031 3543 1107 Qui
3564 1035 3707 1092 lotus
3728 1043 3806 1091 est
3832 1081 3846 1102 ,
3889 1043 4003 1091 non

2452 1130 2661 1206 indiqet
2682 1131 2797 1188 nisi
2824 1139 2888 1188 ut
2914 1130 3074 1208 pedes
3108 1130 3249 1188 lacet
3273 1147 3294 1186 .·
3327 1138 3377 1187 et
3414 1130 3544 1188 talis
3571 1128 3891 1187 etnundatio
3904 1146 3999 1186 re·

2451 1225 2705 1300 quiritur
2732 1224 2804 1284 ab
2832 1243 2912 1293 eo,
2945 1225 3048 1302 qui
3074 1224 3282 1283 accedit
3311 1222 3387 1282 ad
3414 1222 3512 1281 hoc
3542 1219 3995 1288 Sacramentum.

2449 1316 2672 1377 Eadem
2725 1316 2934 1377 scribit
2981 1315 3352 1376 Titelmanus
3404 1314 3687 1394 Exposit.⁴
3744 1314 3991 1395 Myster.

2452 1409 2666 1470 Missae
2694 1429 2823 1490 cap.
2858 1414 2952 1470 34.
2982 1409 3199 1471 Manus
3225 1458 3240 1478 ,
3278 1407 3510 1490 inquit,
3539 1409 3722 1469 abluit
3753 1407 3993 1487 (Sacer-

2446 1501 2588 1583 dos)
2621 1523 2945 1581 quanquam
2973 1505 3192 1580 alioqui
3216 1504 3279 1561 in
3302 1504 3585 1582 principio
3613 1513 3743 1562 ante
3774 1500 3997 1561 Altaria

2447 1618 2720 1657 aceessum
2751 1600 3088 1658 *mundatum
3116 1618 3169 1657 se
3199 1598 3368 1675 [uisse
3397 1598 3600 1675 optime
3641 1597 3783 1656 sciat
3808 1642 3823 1664 ,
3856 1597 3997 1654 utri

2443 1692 2585 1769 forte
2615 1693 2840 1751 interim
2858 1693 3041 1751 ullam
3061 1693 3438 1768 undecumque
3465 1690 3747 1750 maculam
3768 1699 3996 1749 contra-

2442 1788 2613 1845 oeiseet
2640 1833 2656 1856 ‚
2690 1788 2962 1846 abluatur
3004 1787 3107 1847 hac
3146 1787 3427 1845 ablutione
3457 1833 3472 1855 ,
3537 1786 3873 1863 priusquam
3919 1784 3997 1843 ad

2440 1891 2794 1941 sacrosancta
2822 1883 2886 1939 in
2915 1881 3172 1944 manibus
3203 1881 3437 1940 tenenda
3463 1880 3715 1937 misteria
3742 1877 3991 1944 accedat.-

2432 1974 2752 2052 siqnificans
2783 1975 2880 2034 hoc
2902 1975 3021 2053 ipso
3045 2022 3060 2044 ,
3094 1976 3145 2033 ei
3174 1980 3288 2052 qua
3317 1974 3558 2051 forsitan
3581 1971 3995 2051 per-“humanae

2441 2066 2597 2144 fraqi
2600 2069 2643 2125 li
2647 2069 2777 2127 tatis
2795 2069 3078 2129 miseriam
3097 2068 3376 2146 hucusque
3396 2068 3713 2126 vanitatum
3726 2066 3998 2145 phantas-

2441 2173 2596 2222 mata
2637 2174 2871 2223 mentem
2900 2164 3328 2231 maeulaoerint,
3362 2173 3426 2221 ut
3447 2162 3701 2220 velnunc
3725 2160 3879 2217 omni
3900 2167 3993 2217 at-

2442 2258 2678 2314 tentione
2696 2257 3041 2333 abjiciantur
3059 2304 3074 2327 ,
3097 2268 3146 2316 et
3186 2258 3353 2334 quasi
3373 2274 3570 2314 novam
3608 2253 3789 2313 cordis
3827 2271 3989 2311 aesu-

2439 2369 2657 2410 mamus
2677 2352 3037 2412 munditiam.
3064 2353 3152 2413 De
3173 2349 3412 2430 duplicis
3423 2367 3713 2410 manuum
3738 2346 3990 2425 antiqua

446 2447 513 2488 Β·
531 2443 739 2489 ⁸b¹⁰¹⁵⁰¹¹¹¹
2440 2443 2793 2517 Ablutione,
2813 2444 3012 2506 ‘altera
3037 2453 3176 2506 ante
3197 2444 3606 2514 Offertor-ium‚
3643 2440 3832 2502 altera
3855 2444 3988 2518 post

444 2516 742 2660 ἴῗὲἒὲἶὲζζῖ
782 2545 819 2594 'a
851 2535 1046 2596 medio
1073 2537 1263 2599 Altari
1293 2559 1356 2600 se
1394 2539 1623 2601 confert
1665 2539 1742 2601 ad
1771 2560 1958 2601 cornu
1985 2541 2287 2620 Epistulae
2309 2587 2326 2614 ,
2439 2536 2754 2599 Incensum
2781 2585 2796 2611 ‚
2830 2559 3088 2619 quarum
3118 2559 3279 2600 nunc
3306 2538 3366 2598 in
3392 2537 3588 2599 Missis
3612 2533 3864 2596 cantatis
3897 2551 3988 2594 re-

775 2624 834 2689 et
882 2629 1416 2712 Ministroaquam
1474 2632 1801 2709 fundente,
1851 2634 2013 2696 lavat
2064 2655 2281 2696 manus
2307 2680 2323 2707 ‚

777 2719 930 2782 idest
947 2725 1350 2787 extremitates
1387 2726 1713 2808 digitorum
1745 2728 1980 2808 pollicis
2007 2737 2068 2790 et
2110 2729 2328 2790 indicis

2441 2629 2663 2692 tinetur
2689 2633 2967 2704 secunda,
2998 2641 3313 2712 postquam
3342 2630 3623 2693 Sacerdos
3654 2625 3986 2689 incensavit

2439 2724 2644 2787 Altare
2669 2771 2685 2799 ‚
2715 2735 2775 2787 et
2809 2727 3145 2788 incensatus
3186 2734 3272 2786 est
3298 2745 3335 2787 a
3371 2726 3635 2787 Diacono
3653 2768 3669 2796 ,
3701 2722 3831 2783 fuse
3856 2720 3984 2802 agit

2435 2818 2656 2880 Vertus
2681 2829 2823 2881 tom.
2855 2825 2912 2882 t.
2953 2842 3087 2902 pag.
3131 2825 3261 2882 1714.
3289 2828 3351 2881 et
3379 2838 3503 2899 seq·
4134 2858 4320 2905 somn„

2554 2918 2612 2972 2.
2661 2914 2930 2976 Psalmus
2965 2914 3201 2975 ‘Lavabo
3239 2914 3383 2975 huic
3424 2912 3643 2975 actioni
3672 2911 3978 2992 aptissime
4018 2918 4318 3032 gamit-¹⁰:5¹¹:

2434 3008 2745 3069 convenit:
2775 3017 3236 3096 etrquamquam
3281 3008 3345 3069 in
3372 3007 3734 3088 quibusdam
3774 3004 3975 3067 Eccle-
4017 3034 4202 3089 mm,
4222 3035 4316 3076 ι...

777 2812 979 2875 dicens
1029 2817 1334 2879 Psalmum
1361 2813 1596 2881 'Lavabo
1639 2823 1788 2880 inter
1829 2824 2139 2882 innocentes
2186 2842 2326 2883 cum

782 2906 986 2969 Gloria
1031 2910 1203 2971 Patri
1227 2960 1243 2983 ,
1299 2914 1405 2993 qui
1438 2922 1636 2976 tamen
1660 2935 1868 2976 versus
1897 2915 1959 2976 in
1986 2917 2180 2978 Missis
2208 2918 2325 2978 De-

776 3002 1155 3078 functorum‚
1183 3014 1296 3069 et'a
1339 3009 1650 3071 Dominica
1689 3011 1986 3072 Passionis
2025 3031 2215 3091 usque
2243 3012 2322 3073 ad
4047 3092 4124 3135 aba

4024 3109 4047 3136 V
4125 3125 4140 3141 ι

775 3096 1104 3161 Sabbatum
1126 3101 1409 3163 Sanctum
1431 3104 1746 3166 omittitur.
1765 3107 1850 3167 De
1871 3105 1984 3167 hoc
2003 3104 2122 3167 ritu
2136 3105 2327 3186 loqui-

777 3197 876 3252 tur
902 3193 961 3253 S.
989 3194 1251 3276 Cyrillus
1272 3197 1332 3257 in
1346 3197 1580 3260 Catech.
1610 3201 1861 3281 Mystag.
1891 3207 1947 3260 5.
1978 3200 2202 3260 Vidistis
2216 3202 2326 3278 iqi-

775 3296 873 3347 tur
899 3334 914 3357 ,
940 3288 1139 3369 inquit
1156 3336 1172 3362 ‚
1205 3291 1520 3353 Diaconum
1551 3316 1760 3372 aquam
1787 3296 2043 3356 lat-andis
2070 3297 2327 3355 manibus

766 3382 1143 3459 poni-qentem
1160 3381 1453 3445 Sacerdoti
1479 3435 1493 3456 ,
1519 3399 1568 3445 et
1592 3389 1709 3446 illis
1727 3436 1740 3457 ,
1771 3389 1873 3466 qui
1892 3390 2103 3447 circum
2123 3386 2325 3448 Altare

769 3472 880 3534 Dei
902 3478 1146 3547 stabant,
1162 3477 1527 3562 Presbyteri-J.
1555 3480 1712 3541 Num
1726 3483 1845 3540 ideo
1865 3500 2091 3560 prorsus
2113 3482 2284 3542 dabat
2307 3530 2323 3552 ‚

771 3581 837 3628 ut
855 3572 1037 3630 sordes
1080 3577 1322 3652 corporis
1344 3576 1703 3635 abluerentur
1725 3583 1752 3631 ?
1773 3574 2166 3653 Nequaquam.
2208 3574 2327 3637 Nec

772 3664 919 3721 enim
938 3665 1073 3723 adeo
1093 3667 1343 3725 sordibus
1361 3672 1604 3746 eorporis
1642 3669 1850 3747 foedati
1890 3671 1966 3727 in'
2008 3669 2324 3730 Ecclesiam

771 3757 992 3832 inqredi
1007 3760 1238 3818 solemus
1260 3779 1280 3817 .·
1305 3761 1396 3819 sed
1420 3763 1527 3821 illa
1546 3783 1815 3822 mame-um
1842 3761 2074 3822 Ablutio
2094 3764 2314 3842 symbo-

776 3849 895 3908 lum
927 3860 1026 3921 est,
1060 3864 1304 3932 oportere
1325 3875 1413 3914 vos
1441 3876 1475 3914 a
1496 3860 1734 3934 peccatis
1756 3859 2007 3917 omnibus
2031 3859 2318 3935 et'iniqui-

773 3945 980 4004 tatibus
1002 3948 1288 4006 mundari.
1328 3945 1472 4007 Cum
1491 3953 1633 4008 enim
1652 3970 1751 4029 per
1785 3972 1985 4011 manus
2025 3953 2314 4029 desiqnen-

774 4046 870 4096 tur
890 4041 1129 4099 actiones
1155 4089 1170 4112 ,
1198 4044 1385 4102 lavare
1403 4054 1542 4102 certe
1563 4046 1775 4104 easdem
1794 4047 2121 4105 munditiem
2138 4057 2187 4105 et
2200 4066 2315 4125 pu-

767 4133 996 4193 ritatem
1029 4156 1258 4215 opcrum
1284 4139 1581 4218 siqnificat.
1624 4138 1824 4199 Nonne
1849 4142 2089 4201 audistis
2127 4140 2316 4202 David

767 4231 1038 4304 mysteria
1059 4240 1390 4291 tractantem
1416 4233 1527 4292 ista
1552 4281 1564 4301 ,
1589 4245 1641 4293 et
1670 4235 1957 4294 dicentem:
1982 4233 2205 4295 Lavabo
2219 4238 2312 4294 in-

770 4330 853 4380 ter
872 4324 1179 4384 innocentes
1199 4345 1396 4386 manus
1414 4347 1560 4387 meas
1586 4376 1600 4397 ‚
1645 4339 1693 4386 et
1725 4330 2077 4389 circumdabo
2112 4328 2314 4389 Altare

770 4414 932 4475 tuum
961 4415 1195 4477 Domine
1214 4418 1457 4497 Pltaque
1495 4440 1696 4481 manus
1736 4421 1960 4481 abluere
1998 4432 2074 4480 eet
2094 4425 2314 4502 symbo-

773 4509 891 4569 lum
915 4558 931 4580 ‚
964 4530 1076 4569 non
1094 4514 1399 4572 obnoxium
1436 4535 1541 4574 esse
1574 4517 1831 4593 peccatis.
1857 4517 1928 4576 D.
1967 4514 2226 4577 Thomas
2253 4520 2309 4576 3.

766 4610 923 4681 part.
958 4612 1187 4682 quaest.
1218 4611 1314 4666 83.
1347 4613 1460 4667 art.
1490 4613 1546 4666 5.
1572 4608 1647 4666 ad
1660 4609 1912 4686 primum
1936 4608 2108 4669 binas
2134 4609 2316 4690 hujus

769 4695 1111 4757 Ablutionis
1146 4700 1406 4761 rationes
1450 4701 1622 4761 affert
1644 4747 1659 4771 ,
1688 4720 1947 4781 quarum
2000 4702 2190 4763 altera
2235 4702 2313 4763 ab

768 4786 897 4869 ipsa
924 4790 1010 4851 rei
1039 4800 1252 4855 natura
1279 4795 1673 4874 proficiscitur
1695 4842 1711 4869 ,
1741 4804 1800 4857 et
1841 4797 1916 4856 ad
1952 4795 2310 4856 munditiam

767 4883 1048 4963 pertinen
1077 4885 1265 4948 altera
1296 4889 1558 4961 moraliS‚
1576 4909 1730 4969 quae
1757 4890 1964 4951 eadem
1986 4898 2094 4962 est,
2124 4908 2310 4969 quam

769 4976 998 5038 dudum
1020 4992 1096 5040 ex
1142 4980 1356 5042 Sancto
1384 4982 1612 5063 Cyrillo
1647 4982 1974 5044 attulimus·
2009 4982 2212 5043 Verba
2246 4983 2307 5043 S.

768 5072 1039 5134 Doctoris
1060 5119 1076 5146 ,
1117 5075 1339 5155 quibus
1378 5078 1694 5157 respondet
1720 5078 1795 5139 ad
1834 5098 1967 5139 eam
2011 5075 2310 5158 quaestio·
2365 5142 2370 5151 ,

763 5184 903 5226 nem
925 5211 941 5238 ,
971 5188 1079 5229 cur
1101 5169 1383 5230 Sacerdos
1405 5171 1468 5230 iu
1499 5171 1678 5232 Missa
1707 5191 1917 5233 manus
1951 5171 2143 5245 lavet,
2170 5178 2312 5233 sunt

759 5277 916 5337 quae
941 5270 1296 5342 sequuntur.
1337 5263 1534 5323 Primo
1554 5266 1775 5343 quidem
1796 5269 1934 5343 quia
1956 5268 2154 5344 aliqua
2182 5286 2310 5345 pre-

764 5354 907 5413 tiosa
928 5365 1169 5415 tractare
1190 5377 1299 5415 non
1319 5360 1693 5417 consuevimus
1711 5360 1825 5426 nisi
1850 5360 2105 5419 manibus
2145 5361 2310 5420 ablu-

2433 3101 2537 3163 siis
2562 3102 2808 3183 quidam
2831 3105 2961 3187 ejus
2981 3104 3258 3167 versiculi
3286 3103 3580 3166 duntaxat
3603 3100 3934 3187 ‚recitentur
3962 3145 3979 3173 ,

2435 3204 2634 3258 tamen
2656 3198 2721 3258 in
2746 3199 2969 3261 Missali
3006 3202 3273 3261 Romano
3313 3199 3584 3260 Psalmus
3610 3197 3714 3257 ille
3750 3195 3979 3276 integer

2434 3290 2787 3364 exhibetur3
2843 3292 3005 3372 quod
3059 3292 3337 3377 congruit
3378 3311 3515 3352 cum
3573 3287 3861 3371 Liturgiis
3908 3288 3969 3349 S.

2435 3385 2837 3467 Chrysostomi
2865 3396 2925 3449 et
2949 3388 3007 3448 S.
3040 3387 3267 3452 Basilii.
3297 3387 3654 3447 Excitarunt
3698 3383 3979 3445 nonnulli

2434 3481 2507 3542 de
2529 3501 2643 3542 usu
2663 3482 2845 3565 hujus
2856 3482 3074 3543 Psalmi
3098 3480 3527 3551 difficultatem,
3549 3479 3850 3558 quomodo
3873 3477 3982 3539 sci-

2432 3573 2570 3636 licet
2590 3576 2872 3650 Sacerdos
2898 3574 3103 3635 recitet
3126 3572 3485 3635 versiculum
3512 3572 3688 3653 illum
3712 3572 3839 3650 qu
3866 3591 3975 3633 au-

2433 3681 2540 3728 tem
2568 3672 2632 3728 in
2660 3671 2976 3729 innocentia
3005 3689 3128 3729 mea
3155 3671 3431 3745 inqressus
3463 3687 3612 3735 sum:
3642 3666 3804 3746 quod
3834 3684 3977 3727 sane

2384 3801 2390 3804 >
2427 3762 2721 3823 absonum
2751 3782 2874 3823 esse
2905 3762 3140 3823 videtur
3170 3780 3207 3822 a
3232 3759 3570 3821 Christiana
3599 3759 3971 3832 humilitate,

2427 3874 2583 3935 quae
2626 3856 2843 3916 nostris
2888 3854 3076 3915 oculis
3115 3854 3519 3933 'nosmetipsos
3569 3852 3976 3935 despiciendos

2425 3950 2743 4030 proponit,
2794 3969 3021 4029 nosque
3070 3957 3230 4010 metu
3280 3955 3340 4009 et
3378 3947 3610 4028 pudore¹
3638 3946 3967 4027 perfundit.

2424 4044 2844 4106 Difficultatem
2871 4044 3026 4105 hanc
3053 4051 3250 4105 movet
3277 4045 3359 4104 Le
3374 4045 3540 4103 Brun
3567 4050 3711 4103 tom.
3753 4047 3805 4101 1.
3831 4061 3967 4122 pag.

2424 4143 2559 4199 351.
2595 4148 2655 4199 et
2685 4157 2808 4218 seq.
2844 4137 2950 4218 qui
2990 4138 3177 4218 probe
3225 4137 3533 4209 observat,
3572 4137 3782 4197 eodem
3816 4143 3969 4197 tem-

2422 4252 2567 4311 pore
2611 4232 3020 4305 Sacerdotem,
3068 4246 3191 4312 quo
3236 4232 3639 4293 innocentiam
3683 4250 3855 4291 suam
3897 4246 3973 4292 ex

2423 4325 2610 4387 animi
2638 4326 2729 4386 sui
2760 4326 3119 4388 conscientia
3144 4326 3346 4387 verbis
3377 4324 3497 4387 illis
3542 4325 3839 4397 declarat,
3874 4321 3962 4385 sa-

2425 4419 2534 4479 teri
2562 4465 2579 4492 ‚
2613 4419 2727 4480 sibi
2762 4439 2911 4499 opus
2940 4439 3066 4481 esse
3097 4419 3506 4497 Redemptoris
3535 4437 3719 4478 manu
3754 4424 3815 4477 et
3855 4414 3969 4476 mi·-

2421 4512 2766 4586 sericordia3
2785 4514 2926 4593 qu
2951 4525 3139 4574 autem
3168 4516 3232 4572 in
3262 4516 3580 4573 innocentia
3607 4532 3725 4572 mea
3755 4514 3967 4589 inqre&

2421 4627 2515 4667 sus
2545 4628 2668 4667 sum
2693 4628 2713 4667 .-
2743 4610 2949 4668 redime
2978 4629 3062 4668 me
3087 4657 3103 4679 ,
3138 4618 3190 4668 et
3231 4610 3484 4668 miserere
3526 4608 3670 4673 mei:
3701 4625 3811 4666 nec
3840 4622 3970 4684 pec-

2369 4712 2372 4715 '
2423 4701 2598 4764 candi
2641 4701 2855 4763 timore
2880 4711 3041 4763 caret
3065 4749 3080 4775 ,
3116 4702 3229 4762 nisi
3266 4703 3425 4763 Deus
3454 4711 3685 4781 praesto
3715 4699 3823 4760 sit:
3881 4698 3970 4760 Ne

2417 4797 2621 4876 perdas
2661 4816 2788 4856 cum
2822 4800 3009 4876 impiis
3058 4797 3207 4857 Deus
3236 4799 3487 4858 animam
3515 4816 3692 4855 meam
3714 4843 3730 4864 ,
3769 4804 3818 4854 et
3844 4813 3973 4853 cum

2422 4893 2562 4951 viris
2594 4893 2936 4968 sanquinum
2968 4893 3142 4950 vitam
3186 4910 3365 4951 meam
3387 4909 3408 4949 .·
3435 4890 3672 4969 'quibus
3700 4888 3973 4949 sensibus

2422 4984 2763 5045 Christiana
2807 4984 3144 5045 continetur
3195 4985 3539 5057 humilium,
3592 4985 3666 5045 de
3725 5003 3847 5063 qua
3892 4981 3971 5044 ad

2421 5077 2535 5139 boc
2559 5078 2902 5159 exemplum
2934 5077 3062 5139 fuse
3102 5079 3331 5160 egimus
3361 5080 3467 5140 lib.
3506 5085 3563 5139 3.
3613 5079 3687 5139 de
3713 5077 3969 5140 Canoni-

2420 5183 2532 5232 zat.
2569 5171 2838 5241 Sanctor.
2875 5190 3003 5250 cap.
3033 5175 3135 5232 M).
3175 5171 3402 5232 Desinit
3433 5172 3703 5234 Psalmus
3732 5192 3808 5232 ex
3838 5188 3967 5232 mo-

2422 5285 2488 5326 re
2520 5266 2582 5326 in
2616 5263 2820 5326 Gloria
2856 5263 3028 5324 Patri
3055 5313 3069 5333 ,
3099 5264 3205 5345 qui
3237 5285 3444 5326 versus
3475 5266 3536 5326 in
3567 5265 3784 5338 MissiS,
3815 5283 3968 5345 quas

2420 5357 2734 5419 innuimus
2755 5404 2770 5430 ‚
2807 5358 2940 5419 ideo
2978 5358 3274 5419 omittitur
3298 5405 3313 5431 ‚
3347 5360 3510 5438 quod
3542 5359 3832 5421 indicium
3873 5358 3964 5422 fa-

766 5450 861 5517 tie·
881 5449 1027 5511 unde
1048 5450 1296 5513 indecens
1318 5452 1556 5525 videtur,
1580 5452 1726 5534 quod
1744 5452 1821 5515 ad
1853 5462 2072 5515 tantum
2092 5451 2310 5516 Sacra-
2357 5526 2363 5533 ·
2416 5453 2534 5517 ciat
2563 5453 2845 5528 laetitiae,
2879 5472 3035 5535 quae
3056 5453 3222 5516 abest
3249 5454 3330 5516 ab
3361 5453 3434 5515 iis
3465 5453 3662 5518 Missis
3685 5500 3703 5529 ,
3747 5454 3970 5536 quibus
