4487 6316
1839 548 1965 602 us.
2003 546 2074 616 ιι.
2110 545 2252 601 cer.
2291 547 2356 602 v.

492 689 867 754 Testamenta
883 690 945 753 S.
963 691 1184 754 Paulus
1199 691 1370 774 epist.
1396 694 1447 756 1.
1463 692 1891 759 adCorinthios
1908 715 2060 778 cap„
2091 699 2098 773 ξ

497 789 591 847 14.
644 783 792 846 Cum
828 785 1188 848 conveneritis
1214 836 1229 857 ,
1268 787 1503 867 inquit,
1532 792 1912 870 unusquisque
1949 812 2041 853 ce-

489 892 671 943 strum
703 880 998 943 Psalmum
1024 884 1184 943 habet
1210 931 1225 954 ,
1257 885 1569 945 doctrinam
1595 885 1798 953 habet:
1826 904 1949 965 quo
1974 885 2041 946 in

491 974 623 1037 loco
661 976 911 1056 quidam
948 975 1292 1058 intelligunt
1331 977 1597 1043 Psalmos
1637 986 1697 1040 et
1735 978 2042 1042 Lectiones

493 1078 634 1132 ante
671 1067 1063 1131 Sacrificium.
1096 1070 1484 1134 Luculeutior
1518 1079 1607 1133 est
1629 1072 1793 1133 locus
1823 1073 1900 1134 ad
1928 1071 2040 1133 Co-

493 1164 780 1226 lossenses
804 1185 935 1245 cap.
958 1169 1015 1227 4.
1055 1164 1201 1226 Cum
1240 1169 1378 1227 lecta
1407 1167 1578 1244 suerit
1620 1168 1774 1248 apud
1803 1188 1893 1228 cos
1923 1170 2041 1248 epi·
2091 1143 2099 1209 ἶ

492 1262 638 1321 stola
667 1261 798 1322 haec
823 1309 838 1330 ,
882 1261 1048 1338 facite
1076 1309 1089 1329 ,
1119 1271 1184 1321 ut
1210 1272 1260 1323 et
1293 1265 1355 1322 in
1378 1261 1803 1324 Laodicensium
1842 1263 2041 1324 Eccle-

492 1356 580 1415 sia
613 1356 832 1432 leyatur
855 1402 870 1425 ‚
905 1365 1104 1417 et-eam
1126 1404 1144 1428 ,
1180 1377 1322 1435 quae
1359 1353 1777 1418 Laodicensium
1797 1368 1874 1418 est
1902 1405 1917 1428 ,
1951 1378 2042 1419 vos

496 1450 715 1528 leqatis:
746 1459 810 1512 et
832 1455 884 1511 1.
914 1450 1085 1530 epist.
1116 1453 1193 1514 ad
1214 1452 1694 1530 Thessalonicen.
1723 1452 1785 1512 in
1808 1452 1932 1513 fine
1956 1451 2043 1514 ait

494 1543 814 1624 Apostolus
838 1565 853 1604 ε
878 1544 1101 1623 Adjuro
1131 1565 1222 1608 vos
1243 1543 1349 1626 'per
1365 1546 1699 1613 Dominum,
1728 1557 1791 1605 ut
1824 1548 2043 1623 leqatur

494 1639 758 1719 Epistola
797 1641 927 1701 haec
952 1642 1204 1698 munibus
1224 1640 1431 1700 sanctis
1457 1639 1757 1717 fratribus.
1805 1638 2042 1713 Quibus

495 1729 560 1794 in
605 1732 749 1793 locis
775 1733 882 1794 etsi
903 1732 1124 1794 diserte
1147 1752 1266 1794 non
1289 1732 1447 1795 dicat
1470 1733 1785 1813 Apostolus
1805 1779 1821 1806 ,
1859 1741 1928 1795 ut
1949 1754 2045 1796 ea-

492 1847 630 1890 rum
644 1826 1047 1906 Epistularum
1072 1827 1246 1888 lectio
1265 1826 1375 1889 fiat
1399 1828 1459 1887 in
1487 1828 1689 1901 Missa,
1720 1828 2044 1890 verisimile

491 1929 691 1983 tamen
716 1921 813 1993 sit,
843 1929 1107 2001 tempore
1128 1922 1531 1986 Missaelectas
1556 1942 1682 1984 esse
1699 1942 1798 1984 eas
1814 1922 2046 2002 Episto-

493 2016 604 2086 lasz
634 2016 833 2077 nullos
858 2016 1020 2077 enim
1047 2016 1197 2078 alios
1218 2026 1544 2079 conventus
1568 2017 1845 2078 novimus
1867 2017 2042 2079 Chri·

493 2110 825 2172 stianorum
845 2156 861 2183 ,
891 2129 1074 2190 quam
1101 2110 1206 2192 qui
1237 2111 1315 2173 ad
1338 2131 1567 2173 sacram
1594 2111 1883 2194 Synaxim
1911 2131 2044 2193 age-

495 2206 739 2268 bantur.
778 2205 1186 2279 Quamobrem
1212 2206 1388 2267 statui
1426 2225 1594 2286 posse
1630 2207 1869 2286 videtur
1896 2253 1911 2281 ,
1943 2207 2044 2269 Dt-

493 2300 777 2362 vinarum
788 2298 1235 2379 scripturarum
1253 2307 1311 2360 et
1322 2299 1622 2379 Epistolae
1641 2298 1953 2364 lec-tionem
1977 2298 2042 2362 in

494 2394 676 2457 Missa
697 2394 777 2456 ab
810 2393 1107 2474 Apostolis
1126 2412 1252 2455 esse
1277 2393 1699 2467 introductam
1718 2394 1897 2476 ⁴quod
1923 2412 2044 2454 mo-

496 2487 885 2567 nuereJetiam
897 2485 1233 2548 Cardinalis
1255 2488 1417 2549 Bona
1440 2486 1548 2548 lib.
1565 2492 1622 2548 2.
1639 2507 1768 2568 cap.
1794 2494 1850 2547 6.
1868 2508 2037 2549 num.

497 2588 553 2645 1.
610 2582 864 2644 Bellotte
900 2582 962 2643 in
1007 2581 1130 2642 suis
1167 2581 1684 2644 observationibus
1726 2601 1859 2664 pag.
1901 2588 2038 2644 396.

491 2676 819 2739 Grancolas
841 2678 1121 2736 Tractatu
1161 2675 1376 2737 Missae
1414 2695 1550 2757 pag.
1581 2681 1676 2748 36.
1706 2684 1766 2737 et
1794 2676 1868 2737 de
1894 2675 2047 2738 anti-

489 2771 630 2852 quis
649 2770 938 2852 Liturgiis
960 2789 1098 2850 pag.
1136 2773 1272 2830 504.
1307 2769 1388 2830 Le
1416 2770 1602 2830 Brun.
1635 2775 1781 2831 tom.
1817 2775 1871 2830 1.
1900 2790 2036 2852 pag.

491 2871 632 2929 202.
683 2867 900 2927 Torres
953 2865 1230 2925 Instruct.
1283 2862 1581 2925 Sacerdot.
1633 2861 1709 2926 de
1756 2863 2043 2927 Sacrificii

495 2960 817 3024 Oblatione
837 2979 975 3041 pag.
1011 2964 1108 3019 95.
1134 2975 1301 3018 num.
1335 2962 1432 3019 67.

153 3060 315 3105 Pri-¹³·
371 3060 457 3101 Ε’-
620 3062 714 3118 10.
745 3055 967 3116 Primis
987 3051 1283 3114 Ecclesiae
1303 3050 1553 3114 saeculis
1580 3071 1701 3113 non
1725 3051 2049 3133 Propheta-

153 3119 314 3220 ἔζῗιζκ
345 3130 458 3230 ¹:⁸³:
498 3173 635 3216 rum
647 3151 825 3214 modo
846 3156 905 3212 et
927 3147 1347 3228 Apostolorum
1369 3146 1609 3228 scripta,
1628 3145 2047 3209 sedinterdum

154 3233 316 3276 “⁸⁰¹³
355 3233 457 3319 ²¹³³}
496 3247 925 3328 Episcoporum
954 3242 1133 3303 etiam
1172 3258 1665 3320 summorumque
1689 3240 2046 3301 Pontificum

152 3290 452 3407 ’3¹5¹’ss
495 3342 754 3403 Litterae
775 3339 837 3399 in
857 3336 1120 3399 Ecclesia
1139 3334 1255 3417 legi
1282 3341 1744 3408 consueverant,
1777 3354 2046 3415 praeser-

152 3418 430 3508 fflffl.
494 3436 602 3498 tim
634 3452 790 3515 quae
835 3431 1113 3512 Pacificas
1141 3477 1156 3500 ,
1186 3448 1290 3490 seu
1319 3424 1864 3490 communicatoriae
1890 3428 2045 3490 dice-

493 3531 716 3593 bantur
741 3548 757 3601 ς
806 3540 1066 3607 quarum
1110 3521 1465 3585 commercio
1504 3522 1663 3584 inter
1706 3524 2043 3584 Romanum

494 3621 844 3687 Pontificem
869 3626 1250 3698 caeterosque
1276 3617 1594 3697 Episcopos
1616 3636 1736 3697 pax
1757 3623 1818 3678 et
1841 3617 2043 3679 unitas

493 3718 848 3781 servabatur
872 3759 888 3787 ,
932 3720 991 3774 et
1016 3711 1155 3792 quis
1176 3710 1546 3772 orthodoxus
1572 3756 1588 3783 ,
1624 3710 1761 3791 quis
1787 3709 2041 3772 haereti-

492 3832 599 3875 cus
632 3816 781 3872 esset
805 3807 1085 3871 omnibus
1125 3805 1334 3886 palam·
1363 3813 1510 3866 erat.
1558 3804 1851 3866 Eusebius
1878 3804 2034 3867 Hist.

494 3904 654 3968 Eccl.
699 3903 808 3964 lib.
842 3907 899 3962 3.
926 3920 1054 3980 cap.
1102 3904 1192 3960 16.
1228 3899 1479 3979 loquens
1505 3898 1579 3959 de
1619 3898 1884 3978 Epistola
1914 3898 2041 3961 Cle-

492 3998 709 4061 mentis
732 3998 929 4075 Papae
969 3994 1045 4056 ad
1085 3992 1425 4055 Corinthios
1465 4000 1713 4054 testatur
1738 4038 1754 4066 ,
1799 4014 1932 4056 eam
1978 3994 2042 4056 in

489 4091 699 4154 multis
723 4088 1001 4152 Ecclesiis
1023 4088 1137 4168 legi
1180 4087 1572 4149 consuevisse.
1600 4089 1688 4149 De
1708 4107 1831 4168 qua
1867 4089 2046 4151 disci-

477 4186 663 4270 ·plina
700 4183 975 4247 videatur
1017 4182 1287 4243 Martene
1306 4181 1381 4242 de
1407 4182 1675 4261 antiquis
1697 4182 1855 4244 Eccl.
1890 4184 2042 4246 Riti-

497 4283 612 4344 bus
634 4279 742 4341 lib.
784 4283 838 4340 1.
875 4296 1004 4356 cap.
1031 4280 1089 4338 4.
1118 4283 1234 4336 art.
1263 4278 1320 4335 4.
1352 4294 1414 4335 n.
1443 4280 1502 4335 2.
1551 4276 1726 4337 Card.
1755 4278 1920 4339 Bona
1942 4279 2042 4340 cit.

495 4396 624 4457 cap.
652 4381 710 4437 6.
738 4393 800 4434 ιι.
828 4377 887 4433 2.
915 4380 975 4432 et
996 4369 1345 4432 Franciscus
1365 4368 1660 4431 Bencinus
1691 4371 1756 4431 in
1790 4372 2050 4452 praecla-

496 4488 566 4531 ro
587 4468 783 4548 Opere
810 4466 884 4527 de
907 4463 1147 4529 Litteris
1171 4460 1524 4543 Encyclicis.

617 4566 711 4624 11.
758 4559 951 4622 Series
979 4566 1051 4620 et’
1066 4557 1214 4620 ordo
1243 4555 1648 4637 Epistolarum
1689 4562 1750 4618 et
1777 4560 2045 4642 Evange-

165 4639 459 4755 &maa-a
501 4658 721 4720 liorum
745 4702 763 4730 ,
813 4673 970 4736 quae
1020 4652 1201 4715 totius
1242 4651 1388 4712 anni
1433 4670 1612 4712 cursu
1656 4651 1939 4733 leguntur
1980 4654 2045 4715 in

165 4768 265 4798 ‘⁰⁸¹¹
287 4768 361 4815 1²⁶¹·
395 4762 461 4798 ¹⁰·
501 4751 682 4815 Missa
707 4796 723 4824 ,
757 4749 940 4831 vulgo
964 4749 1035 4808 D.
1070 4746 1444 4827 Hieronymo
1464 4744 1756 4807 tribuitur
1777 4791 1794 4819 ,
1839 4746 1943 4826 qui
1970 4746 2046 4807 li-

164 4820 463 4923 {ffiu'T‘ss}
505 4846 683 4907 hrum
703 4842 1035 4923 composuit
1055 4840 1498 4921 appellavitque
1524 4837 1793 4900 Comitem
1817 4888 1832 4911 ,
1867 4860 2049 4922 quem

164 4927 462 5027 flk‘ffl'mf'ffi,
504 4938 662 5022 typis
690 4937 880 4999 edidit
905 4934 1203 4997 Pamelius
1226 4934 1289 4996 in
1311 4932 1723 4996 voluminibus
1751 4933 1826 4994 de
1850 4935 2050 4996 Rebus

165 5042 290 5083 aiano
377 5042 461 5109 *ξω
506 5030 843 5111 Liturgicis.
874 5030 945 5090 In
976 5026 1317 5089 Missalibus
1338 5025 1735 5088 Ambrosiano
1757 5033 1817 5091 et
1851 5027 2049 5090 Moza-

166 5097 280 5210 dss':
319 5096 465 5210 ¹522,
506 5120 654 5187 rabo
672 5124 827 5186 duae
849 5123 1130 5204 leguntur
1150 5120 1456 5183 Lectiones
1471 5128 1610 5183 ante
1630 5120 2046 5203 Evangelium,

169 5227 222 5255 ⁰¹
251 5215 396 5314 '‘²35ss
415 5227 464 5256 ‘¹
503 5237 763 5300 quarum
779 5217 968 5279 altena
986 5235 1022 5277 e
1042 5215 1253 5288 veteri,
1273 5215 1462 5278 altera
1483 5235 1518 5277 e
1536 5234 1693 5277 novo
1714 5215 2051 5277 Testamen-

171 5284 317 5375 33..
355 5279 469 5372 :1⁸:23
507 5321 568 5377 ιο
597 5313 906 5392 desupmta
928 5318 1034 5372 est.
1068 5309 1458 5372 Mahmouius
1475 5310 1550 5372 (ιο
1573 5309 1846 5393 Litargia
1865 5309 2054 5373 Gain-

173 5397 238 5430 “’“’
506 5426 658 5470 cana
680 5406 787 5467 lib.
815 5410 868 5467 1.
895 5424 1024 5485 cap.
1055 5410 1111 5465 3.
1134 5423 1241 5465 nu.
1274 5408 1367 5465 10.
1394 5403 1667 5485 Gregorii
1690 5404 2054 5467 Turonensis

503 5500 856 5565 auctoritate
877 5498 1094 5580 probat
1116 5543 1133 5571 ,
1163 5504 1283 5560 tres
1300 5496 1365 5559 in
1387 5496 1588 5560 Gallia
1611 5497 1916 5561 lectiones
1936 5496 2056 5581 legi

617 5624 826 5664 nuso.
868 5623 983 5664 xxv.
1023 5621 1168 5662 ron.
1207 5608 1347 5662 vm.

162 4581 457 4642 seza-spi-

3449 555 3517 604 M

2151 692 2526 758 consuevisse
2546 739 2563 767 ,
2591 694 2848 782 primam
2871 716 2948 772 ex
2970 697 3284 778 Prophetis
3304 742 3321 771 ,
3345 696 3598 759 alteram
3619 709 3697 756 ex

2152 785 2435 865 Apostolo
2457 834 2473 861 ,
2507 791 2744 852 tertiam
2767 812 2841 853 ex
2865 792 3278 875 Evangelistis.
3311 793 3442 854 Una
3463 798 3699 853 tantum

2152 879 2353 943 LectIo
2384 881 2739 965 plerumque
2763 885 2980 967 legitur
2994 888 3170 968 juxta
3189 892 3561 967 praesentem
3582 883 3699 946 dis-

2149 972 2434 1054 ciplinam
2463 1022 2479 1049 ,
2505 971 2866 1056 quibusdam
2910 978 3122 1040 diebus
3144 978 3403 1059 exceptis
3425 1025 3442 1052 ,
3475 977 3700 1059 quibus

2149 1066 2354 1146 plures
2375 1069 2677 1150 leguntur.
2707 1072 2905 1134 Lectio
2934 1080 3134 1146 autem
3159 1073 3221 1133 in
3245 1092 3383 1133 eum
3403 1069 3588 1132 finem
3612 1069 3702 1131 in-

2149 1161 2355 1224 stituta
2382 1171 2511 1237 est,
2545 1172 2612 1225 ut
2641 1165 3014 1229 Christianus
3054 1165 3311 1249 populus
3340 1165 3652 1228 erudiatur
3675 1210 3694 1239 ,

2150 1264 2210 1317 et
2238 1276 2346 1336 per
2386 1276 2517 1317 eam
2540 1258 2618 1319 ad
2658 1257 3466 1341 Sacrificium'praeparetur.
3504 1258 3699 1319 Prae·-

2151 1352 2402 1410 mittitur
2427 1354 2723 1413 instructio
2756 1354 2963 1414 Fidelis
2999 1356 3235 1435 populi,
3270 1355 3409 1433 quia
3450 1354 3548 1414 hoc
3582 1351 3700 1413 Sa-

2152 1456 2497 1505 cramentum
2527 1457 2602 1506 est
2643 1452 2970 1527 mysterium
3000 1450 3160 1509 Fidei
3186 1497 3201 1519 ,
3231 1460 3296 1508 ut
3328 1467 3504 1528 supra
3540 1447 3703 1507 habi-

2155 1547 2275 1596 tum
2304 1550 2380 1599 est
2402 1559 2422 1599 .·
2451 1561 2593 1618 quae
2627 1544 2849 1619 quidem
2883 1546 3177 1606 instructio
3218 1533 3532 1622 dispositive
3570 1541 3702 1618 qui-

2092 1604 2099 1686 Ι
2150 1630 2272 1689 dem
2299 1634 2375 1690 sit
2397 1653 2500 1711 per
2529 1635 2840 1694 doctrinam
2876 1635 3279 1717 Prophetarum
3321 1644 3372 1695 et
3409 1633 3701 1714 Apostolo-

2150 1743 2303 1794 rum,
2333 1728 2557 1802 quaein
2578 1728 2834 1789 Ecclesia
2857 1731 3064 1808 leqitur.
3076 1750 3179 1809 per
3198 1728 3447 1789 Lectores
3477 1738 3527 1786 et
3549 1725 3704 1786 Sub·

2154 1818 2411 1879 ‹liaconos
2432 1841 2455 1887 ,·
2485 1821 2670 1882 verba
2692 1830 2831 1883 sunt
2871 1822 2930 1883 S.
2964 1824 3227 1884 Thomae
3258 1822 3388 1883 loco
3429 1820 3706 1901 superius

2151 1911 2331 1973 citato
2354 1921 2468 1974 art.
2498 1917 2557 1975 4.
2589 1914 2708 1988 Qui
2739 1935 2882 1977 vero
2908 1917 3152 1998 mystice
3176 1923 3431 1978 tractant
3455 1915 3530 1976 de
3559 1914 3703 1975 Mis-

2152 2026 2253 2069 sae
2296 2007 2598 2070 Sacrificio
2625 2056 2642 2083 ,
2692 2010 2905 2072 docent
2948 2011 3081 2072 ideo
3122 2018 3261 2073 ante
3304 2008 3702 2091 Evangelium
3789 2035 3795 2042 ·

2151 2101 2483 2183 Epistolam
2512 2103 2625 2185 legi
2655 2150 2671 2177 ,
2707 2124 2826 2165 non
2872 2106 3032 2185 quod
3059 2105 3198 2166 huic
3223 2105 3375 2166 illud
3415 2103 3707 2186 dignitate

2154 2206 2412 2276 praestet
2438 2243 2454 2271 ,
2480 2199 2580 2259 sed
2604 2199 2764 2279 quod
2790 2199 3054 2280 Apostoli
3079 2200 3395 2280 praeibant
3419 2198 3655 2260 Christo
3680 2243 3699 2271 ,

2152 2291 2260 2370 qui
2284 2310 2384 2352 eos
2406 2292 2677 2355 mittebat
2702 2294 2873 2354 binos
2893 2301 3033 2355 ante
3057 2293 3266 2355 faciem
3290 2314 3481 2355 suam.
3508 2295 3587 2354 Et
3610 2293 3705 2352 ln-

2151 2385 2461 2447 nocentius
2503 2387 2738 2449 Tertius
2780 2387 2885 2448 lib.
2926 2393 2985 2448 2.
3036 2388 3458 2470 Mysteriorum
3487 2387 3704 2448 Missae

2153 2497 2283 2559 cap.
2311 2486 2408 2540 29.
2436 2480 2556 2554 ait,
2600 2481 2928 2561 Epistulam
2949 2489 3088 2543 ante
3114 2482 3508 2565 Evangelium
3539 2480 3654 2563 legi
3679 2525 3698 2554 ,

2152 2581 2222 2635 ut
2251 2573 2620 2654 significetur
2642 2595 2863 2636 munus
2887 2576 3295 2638 Praecursoris
3323 2576 3567 2649 Christi,
3593 2574 3701 2656 qui

2153 2666 2320 2728 venit
2340 2688 2554 2748 parare
2575 2669 2703 2730 vias
2714 2670 2872 2751 ejus.

2277 2765 2370 2821 12.
2409 2763 2479 2823 In
2525 2763 2720 2824 Missis
2749 2764 2999 2844 privatis
3026 2762 3294 2844 Epistola
3326 2782 3363 2825 a
3390 2763 3705 2825 Sacerdote
3778 2790 4005 2852 spi-201⁸„

2154 2853 2376 2937 legitur
2401 2878 2418 2931 ς
2447 2855 2511 2917 ἰιι
2531 2855 2796 2920 Cantatis
2823 2878 2858 2920 a
2893 2859 3270 2920 Subdiacono
3290 2865 3565 2920 cantatur
3606 2857 3703 2918 in·
3740 2851 3908 2954 :m
3936 2851 4031 2951 αξ

2158 2956 2320 3011 terea
2348 2951 2494 3012 dum
2521 2969 2555 3011 a
2583 2950 2898 3013 Sacerdote
2930 2949 3150 3033 legitur
3190 2951 3486 3013 submissa
3514 2970 3657 3012 voce
3682 2996 3698 3024 ,
3748 2968 3809 3027 ρῑι
3857 2964 4032 3009 subet.-

2157 3061 2314 3122 quae
2347 3051 2548 3114 tamen
2572 3044 2889 3124 disciplina
2918 3064 3038 3128 non
3068 3045 3276 3105 eadem
3303 3064 3536 3123 semper
3563 3042 3700 3104 fuit.
3745 3026 4033 3126 &⁸⁸33ss

2158 3139 2230 3200 In
2277 3139 2900 3203 veteri‘Ordinatione
2937 3139 3298 3202 Subdiaconi
3339 3138 3493 3201 nihil
3532 3139 3703 3201 inve-
3743 3085 4033 3240 ufffflss

2158 3234 2326 3295 nitur
2351 3281 2368 3308 ,
2415 3236 2575 3315 quod
2618 3236 2695 3297 ad
2740 3235 3076 3297 Lectionem
3118 3235 3418 3315 Epistolae
3459 3253 3704 3314 quoquo
3744 3211 4036 3299 ...ai-¹3⁵..-

2162 3329 2339 3391 modo
2365 3329 2578 3391 referri
2611 3330 2832 3410 possit,
2870 3337 2940 3391 ut
2971 3329 3342 3411 apertissime
3384 3329 3708 3389 ostendunt
3744 3311 4031 3373 '‘W‘’

2156 3421 2412 3500 nullior}
2434 3423 2510 3485 de
2550 3424 2800 3486 materia
2843 3432 2902 3485 et
2943 3424 3137 3486 forma
3177 3422 3589 3485 ordinationis
3631 3420 3698 3504 S.

2162 3521 2257 3576 16.
2302 3535 2363 3576 ιι.
2412 3520 2508 3577 46.
2553 3517 2826 3578 Morinus
2870 3517 2945 3578 de
2984 3516 3167 3579 sacris
3208 3515 3707 3578 Ordinationibus

2150 3628 2282 3689 par.
2331 3614 2388 3671 3.
2431 3610 2738 3672 exercitat.
2795 3615 2888 3671 12.
2934 3628 3063 3690 cap.
3109 3615 3168 3670 2.
3207 3609 3279 3670 Id
3318 3618 3538 3669 munus
3578 3615 3711 3671 erat

2151 3704 2486 3765 Lectorum.
2526 3705 2681 3766 Sane
2722 3704 3061 3767 Amalarius
3084 3750 3100 3778 ,
3136 3703 3242 3785 qui
3277 3708 3335 3763 9.
3374 3702 3527 3763 vixit
3564 3721 3695 3764 sae-

2148 3797 2317 3873 culo,
2348 3798 2454 3860 lib.
2484 3804 2542 3859 2.
2570 3818 2700 3879 cap.
2734 3803 2825 3859 11.
2856 3799 3111 3860 miratur
3141 3806 3260 3860 tam
3287 3784 3467 3877 saepe
3486 3817 3522 3859 a
3544 3796 3697 3873 Sub-

2152 3893 2405 3956 diacono
2449 3894 2513 3956 in
2554 3894 2734 3956 Missa
2772 3893 3101 3975 Epistolam
3142 3893 3301 3974 legi:
3344 3892 3540 3953 Miror
3578 3911 3695 3970 qua

2153 3989 2218 4047 de
2239 4009 2298 4049 re
2319 3999 2571 4069 sumptus
2600 4009 2734 4049 usus
2756 3990 2821 4048 in
2843 3988 3099 4048 Ecclesia
3126 3998 3339 4057 nostra,
3370 3996 3435 4045 ut
3466 3984 3712 4047 Subdia-

2154 4102 2323 4143 conus
2356 4084 2794 4161 frequentissime
2828 4085 2973 4162 leqat
3001 4081 3312 4143 Lectionem
3341 4082 3416 4142 ad
3443 4081 3709 4153 Missam,

2162 4195 2293 4235 cum
2323 4175 2420 4235 hoc
2450 4196 2562 4235 non
2591 4179 2911 4257 reperiatur
2936 4196 3010 4237 ex
3035 4177 3344 4236 ministerio
3369 4162 3478 4235 sibi
3498 4176 3628 4236 dato
3650 4176 3715 4236 in

2161 4269 2587 4332 consecratione
2618 4273 2966 4331 conemissum
2987 4319 3005 4342 ‚
3034 4290 3207 4350 neque
3238 4288 3310 4329 ex
3347 4271 3545 4330 litteris
3590 4267 3708 4332 Ca-

2157 4367 2372 4426 nonicis
2400 4414 2415 4436 ,
2448 4386 2621 4445 neque
2656 4384 2730 4425 ea·
2764 4368 2985 4425 nomine
3024 4385 3144 4425 suo.
3188 4362 3353 4426 Idem
3400 4364 3608 4426 mirari
3650 4382 3715 4427 se

2159 4460 2247 4521 ait
2285 4460 2667 4543 Micrologus.
2708 4460 2787 4521 Et
2827 4460 3148 4521 Durandus
3186 4454 3452 4541 Scriptor
3488 4459 3711 4523 saeculi

2161 4558 2254 4615 13.
2274 4553 2380 4614 lib.
2409 4560 2467 4615 2.
2495 4554 2734 4617 Ration.
2761 4573 2889 4635 cap.
2930 4560 2988 4615 8.
3027 4554 3206 4615 anxie
3236 4554 3473 4635 quaerit
3500 4558 3710 4636 quam-

2154 4649 2365 4710 obrem
2420 4648 2746 4729 Epistolam
2805 4647 2960 4730 legat
3012 4646 3462 4715 Subdiaconus:
3514 4647 3710 4724 Quare

2160 4741 2548 4827 Subdita-onus
2581 4745 2708 4821 leqit
2740 4741 3047 4802 Lectionem
3065 4743 3141 4802 ad
3162 4741 3426 4813 Missam,
3450 4763 3577 4803 cum
3596 4762 3713 4805 non

2158 4840 2476 4917 reperiatur
2506 4838 2603 4897 hoc
2632 4838 2740 4897 sibi
2781 4847 3073 4917 competere
3113 4837 3200 4897 vel
3237 4856 3310 4897 ecc
3349 4857 3409 4897 eo
3445 4840 3667 4899 nomine
3688 4886 3708 4912 ,

2159 4933 2243 4991 rel
2271 4952 2345 4992 ex
2369 4933 2677 4991 ministerio
2701 4933 2810 4992 sibi
2837 4937 3118 4991 concesso?
3147 4930 3419 4993 Martene
3457 4931 3588 4994 loco
3623 4932 3713 4994 ci-

2162 5032 2284 5086 tato
2310 5045 2414 5085 nu.
2452 5030 2508 5085 6.
2549 5024 2954 5085 Subdiaconos
2993 5030 3163 5103 putat
3197 5023 3260 5083 in
3302 5024 3582 5087 Ecclesiis
3623 5024 3710 5087 le-

2159 5140 2301 5201 gere
2332 5119 2590 5200 coepisse
2624 5117 2951 5200 Epistolam
2986 5118 3221 5179 sacculo
3251 5125 3309 5180 8.
3356 5119 3528 5181 Nunc
3566 5137 3712 5182 vero

2162 5214 2225 5275 in
2253 5214 2646 5277 Ordinatione
2678 5214 3036 5276 Subdiaconi
3067 5233 3204 5276 cum
3246 5214 3572 5294 Episcopus
3611 5214 3707 5276 di-

2162 5317 2258 5371 cat
2288 5309 2490 5390 Accipe
2519 5310 2726 5369 librum
2755 5309 3149 5388 Epistularum
3174 5356 3189 5378 ,
3223 5318 3273 5369 et
3304 5308 3440 5368 habe
3464 5318 3709 5389 potesta-

2165 5414 2273 5463 tem
2311 5405 2544 5484 legendi.
2570 5424 2659 5465 eas
2689 5406 2753 5463 in
2786 5400 3043 5465 Ecclesia
3072 5412 3269 5464 sancta
3298 5400 3436 5473 Dei,
3456 5403 3582 5483 jam
3610 5400 3711 5464 fir-

2166 5517 2332 5558 mum
2366 5505 2424 5561 et
2456 5495 2771 5559 definitum
2803 5517 2929 5559 esse
2960 5504 3250 5579 apparet,
3287 5494 3353 5556 in
3387 5496 3568 5560 Missa
3609 5517 3706 5559 so-

3295 5609 3361 5662 21
