4487 6316
100 2899 247 2942 Bodas
262 2896 411 2951 locus,

252 2954 403 2999 nil-le-

99 3013 254 3057 >nudi
291 3015 404 3055 nno—

101 3071 231 3113 retici
286 3069 402 3112 calu·

104 3128 237 3171 maiis
267 3126 401 3171 vindi·

102 3195 241 3230 mltu-

105 2957 161 2998 ab

1797 549 1906 600 Lm
1964 549 2002 600 l.
2043 548 2185 601 CAP.
2226 549 2262 599 1.
3461 544 3496 592 ’ὃ

452 694 665 756 Missas
702 694 778 755 iis
812 693 1028 756 dielms
1065 693 1355 754 wlebrari
1384 739 1401 767 ‚
1446 693 1671 773 quibus
1702 693 1912 754 Missas
1950 694 2011 752 in
2064 702 2068 774 ξ

453 788 706 870 privatis
750 788 1047 850 Oratoriis
1085 788 1392 851 celebrare
1428 807 1550 849 non
1599 788 1756 850 licet.
1800 789 2013 850 Conci-

454 882 607 945 lium
632 880 993 944 Trullanum
1010 901 1145 944 can.
1178 888 1277 943 21.
1307 881 1457 944 haec
1481 882 1691 945 statuit
1718 903 1733 942 ε
1769 881 2014 943 Clericus

449 979 555 1056 qui
572 978 642 1039 in
678 973 965 1037 Orator-fis
989 1023 1006 1047 ,
1038 996 1182 1055 quac
1206 986 1339 1037 sunt
1366 978 1527 1038 intra
1552 978 1738 1035 ‹lo-mos
1770 1023 1786 1046 ‚
1836 979 2012 1037 mini-

450 1080 663 1141 urant,
691 1072 779 1131 vel
803 1072 1120 1151 baptizant,
1151 1072 1251 1132 hoc
1277 1073 1439 1132 illius
1469 1073 1576 1132 loci
1601 1072 1872 1152 Episcopi
1886 1092 2012 1133 sm-

449 1165 630 1226 maia
673 1166 852 1244 secero
878 1166 1065 1226 debers
1103 1166 1446 1227 decernimus
1468 1187 1491 1234 ,·
1537 1173 1598 1227 et
1623 1185 1757 1227 can.
1792 1172 1891 1227 59.
1944 1166 2017 1226 In

447 1258 598 1321 AEdc
618 1257 916 1331 orama,
945 1279 1089 1338 quac
1112 1269 1192 1320 est
1220 1262 1379 1320 intra
1406 1261 1652 1330 doraum,
1683 1260 2015 1341 Baptismus

447 1372 805 1434 nequaquam
818 1365 1150 1436 poeaymur.
1178 1354 1248 1413 In
1277 1353 1602 1435 Agathensi
1623 1354 1883 1435 quadam
1909 1355 2017 1438 Sy-

442 1448 608 1525 nodo
633 1456 802 1511 sexto
827 1446 1067 1510 saeculo
1094 1445 1305 1508 habita
1334 1446 1589 1509 vetitum
1620 1446 1904 1531 legimus,
1937 1468 2016 1510 ne

449 1543 589 1626 quis
614 1543 679 1604 in
706 1542 959 1623 privatis
995 1541 1228 1604 sacellis
1255 1541 1499 1603 Missam
1525 1541 1788 1604 celebret
1813 1588 1830 1615 ,
1874 1564 2012 1605 cum

449 1645 715 1719 aguntur
742 1635 892 1698 festa
918 1635 1183 1697 maxima
1209 1680 1226 1708 ,
1266 1635 1600 1717 cujusmodi
1629 1644 1771 1697 sunt
1796 1635 2013 1699 solem-

452 1731 671 1793 nitates
696 1729 1002 1792 Paschatis
1026 1775 1044 1802 ,
1086 1728 1429 1792 Nativitatis
1457 1732 1530 1791 D.
1564 1730 1638 1790 N.
1670 1730 1809 1792 Jesu
1837 1731 2013 1792 Chri-

444 1825 520 1888 sti
545 1872 563 1899 ,
591 1824 1001 1906 Epiphaniae,
1035 1823 1433 1899 Ascensionis‚
1463 1826 1856 1900 Pentecostes,
1889 1827 2009 1888 Na-

448 1920 699 1984 tivitatis
737 1921 799 1981 S.
828 1919 1080 1981 loannis
1120 1919 1437 1999 Baptistae.
1472 1919 1555 1980 Iis
1597 1920 1762 1981 enim
1801 1920 2016 1983 diebus

445 2016 707 2098 quisque
754 2015 971 2077 Missae
1006 2014 1071 2074 in
1114 2014 1450 2077 parochiali
1498 2013 1762 2077 Ecclesia
1811 2015 2015 2078 adesse

441 2112 713 2195 jubetur.
746 2110 914 2172 Idem
939 2109 1123 2173 etiam
1159 2109 1369 2172 statuit
1396 2109 1831 2171 Aurelianense
1856 2109 2013 2171 Con·

446 2205 658 2270 cilium
685 2204 973 2267 sexennio
1000 2212 1132 2285 post
1156 2204 1458 2278 habitum,
1486 2207 1661 2285 cujus
1687 2206 2007 2267 Decretum

450 2300 637 2362 refert
656 2300 984 2362 Gratianus
1004 2299 1065 2359 in
1088 2319 1222 2361 can.
1250 2299 1426 2360 Nulli
1450 2300 1526 2361 de
1552 2300 1889 2362 Consecrat.
1914 2301 2015 2362 Di-

448 2394 648 2459 stinet.
687 2401 741 2456 1.
774 2394 946 2469 Quae
971 2394 1047 2456 de
1072 2394 1324 2475 privatis
1349 2394 1693 2476 hujusmodi
1717 2394 2014 2457 Oratoriis

445 2490 567 2553 alia
592 2497 823 2553 restant
850 2496 1238 2552 monumenta
1263 2488 1448 2550 etiam
1478 2488 1905 2550 remotioribus
1934 2490 2013 2551 ab

444 2592 639 2648 aetate
676 2592 880 2647 nostra
910 2584 1282 2663 temporibus
1307 2628 1324 2658 ,
1370 2583 1635 2663 reperias
1659 2583 1822 2664 apud
1866 2585 2012 2646 Boc-

445 2679 667 2760 quillot
693 2681 975 2741 Tractatu
1005 2676 1306 2739 Histoi-ico
1334 2676 1645 2759 Liturgiae
1669 2696 1872 2759 sacrae
1899 2677 2007 2738 lib.

445 2778 506 2833 2.
538 2792 670 2854 cap.
717 2778 776 2833 7.
1938 2810 1941 2819 ·

568 2872 658 2927 1⁶2.
692 2864 1072 2927 Venerabilis
1104 2864 1263 2926 Beda
1292 2863 1597 2927 Historiae
1626 2884 1771 2927 suae
1802 2865 1912 2926 lib.
1948 2871 2007 2926 6.

444 2981 575 3042 cap.
610 2969 670 3022 9.
703 2959 1094 3041 conqueritur
1121 3004 1140 3031 ,
1188 2968 1514 3021 summates
1539 2959 1819 3021 Viroseo
1861 2968 2012 3021 tem-

444 3075 591 3137 pore
612 3054 852 3117 nonnisi
876 3054 1090 3116 orandi
1113 3073 1293 3115 causa
1308 3061 1369 3113 et
1385 3052 1744 3115 Concionem
1766 3053 2017 3115 audien·

443 3149 506 3213 di
527 3150 854 3213 Ecclesiam
873 3149 1261 3230 frequentare
1279 3147 1676 3232 consuevisse:
1692 3148 1757 3210 N
1754 3151 1828 3210 isi
1846 3169 2013 3211 oron-

439 3247 504 3307 da·
529 3294 546 3318 ,
577 3246 929 3307 etaudiondi
953 3246 1182 3305 verbum
1207 3264 1382 3306 causa
1407 3247 1662 3306 mitum
1690 3264 1760 3307 ac
1792 3246 2012 3324 Regem

441 3358 581 3402 cum
606 3339 882 3420 quinque
906 3345 1014 3400 aut
1039 3357 1145 3400 sex
1173 3338 1594 3400 Ministrorum
1619 3359 1869 3401 suorum
1911 3360 2011 3402 co-

442 3434 661 3498 mitatu
689 3435 765 3495 ad
797 3432 1120 3495 Ecclesiam
1148 3433 1358 3495 venire
1383 3478 1399 3505 ,
1430 3441 1613 3515 atque
1639 3435 1782 3497 inde
1805 3480 1823 3510 ,
1853 3436 2011 3496 Con-

440 3529 612 3589 cione
636 3527 845 3590 audita
869 3572 887 3601 ,
937 3527 1101 3589 illico
1139 3526 1331 3589 abire.
1364 3528 1458 3587 Ex
1486 3547 1609 3607 quo
1649 3529 1845 3590 Bedae
1879 3529 2010 3591 loco

440 3623 786 3685 Joachimus
808 3622 885 3683 11·
914 3621 1260 3683 debrandus
1278 3621 1719 3683 haereticarum
1743 3624 2010 3703 partium

442 3717 626 3779 homo
649 3717 715 3777 in
743 3716 831 3777 lib
924 3716 1000 3777 de
1027 3715 1308 3795 precibus
1334 3717 1623 3778 Veterum
1643 3717 1837 3778 Christ
1847 3718 2011 3779 iano-

443 3830 581 3873 rum
608 3831 747 3892 pag.
782 3817 879 3872 33.
912 3809 1240 3874 Ecclesiam
1282 3810 1651 3873 Catholicam
1696 3831 2009 3893 perperam

442 3905 855 3968 calumniandi
901 3904 1274 3968 occasionem
1319 3905 1600 3986 arripuit.
1653 3907 1758 3968 Ait
1800 3906 1963 3968 enim
1990 3952 2008 3982 ,

442 3999 745 4062 Primores
793 3999 973 4061 Viros
997 3999 1144 4062 ‹ideo
1168 4000 1545 4062 consuevisse
1590 4009 1724 4081 post
1767 4001 2013 4064 Concio-

444 4114 584 4157 nem
610 4095 785 4156 abire
807 4140 825 4167 ,
855 4113 935 4155 ne
958 4093 1185 4156 Missae
1200 4095 1474 4156 adessent
1497 4140 1514 4170 ‚
1545 4097 1852 4179 quaejam
1880 4106 2011 4160 tum

443 4188 775 4271 ineptiis‘et
810 4187 1337 4268 superstitionibus
1361 4189 1759 4252 contaminari
1790 4207 2010 4271 coepe-

444 4292 571 4345 rat«
592 4283 908 4344 Neminem
933 4301 1080 4343 vero
1106 4301 1233 4348 osse
1259 4291 1542 4362 putamus
1566 4327 1585 4357 ,
1615 4283 1725 4364 qui
1755 4304 2012 4346 venena-

443 4387 565 4440 tam
586 4376 870 4439 haeretici
892 4375 1156 4437 bominis
1175 4376 1543 4440 calumniam
1561 4397 1684 4440 non
1704 4386 2004 4461 agnoscat.

442 4473 512 4535 ld
551 4472 716 4534 enim
765 4471 925 4532 Beda
954 4470 1351 4551 conqueritur
1397 4472 1563 4552 quod
1606 4491 1747 4534 cum
1792 4473 2009 4535 orandi

441 4586 621 4630 causa
645 4574 707 4628 et
731 4565 1090 4627 Concionem
1117 4564 1404 4628 audiendi
1434 4566 1513 4628 ad
1553 4567 1880 4630 Ecclesiam
1904 4587 2011 4630 ve-

446 4660 669 4732 nirent,
702 4660 765 4721 in
796 4659 1060 4721 Ecclesia
1085 4658 1296 4722 itidem
1324 4659 1543 4722 Missae
1568 4679 1689 4722 non
1711 4661 2007 4735 adessent,

442 4755 549 4816 sed
575 4754 641 4815 in
672 4754 924 4834 privatis
949 4753 1210 4834 quisque
1235 4753 1361 4815 suis
1386 4753 1685 4816 Oratoriis
1710 4764 1881 4831 ante,
1906 4757 2009 4828 *vel

446 4855 649 4928 postea
677 4846 923 4910 Missam
948 4847 1254 4910 audirent:
1282 4847 1557 4929 Cumque
1582 4849 1848 4913 dubitari
1877 4849 2012 4911 nul-

446 4942 508 5004 lo
535 4942 712 5003 modo
740 4940 967 5022 possit,
1015 4940 1167 5021 quin
1195 4941 1355 5003 idem
1396 4961 1642 5022 prorsus
1665 4952 1818 5016 esset
1860 4937 2010 5006 Mis-

442 5058 544 5100 sae
570 5037 745 5099 Ritus
767 5081 784 5109 ,
827 5035 1076 5116 quaein
1104 5035 1410 5110 Ecclesia,
1457 5053 1644 5117 quam
1685 5038 1816 5119 ejus
1852 5056 2011 5119 quae

447 5132 510 5193 in
539 5129 792 5212 privatis
815 5128 1114 5192 Oratoriis
1139 5129 1582 5208 celebrabatur,
1608 5138 1908 5196 amentem
1930 5131 2009 5192 il-

445 5226 573 5288 lum
598 5224 849 5287 omnino
884 5241 1012 5286 esse
1036 5231 1272 5304 oportet
1295 5270 1312 5298 ,
1353 5225 1461 5306 qui
1489 5225 1790 5287 Primores
1828 5225 2011 5287 Viros

443 5319 748 5383 existimet
771 5318 910 5381 ideo
937 5318 1156 5380 Missae
1181 5318 1249 5380 in
1274 5319 1538 5383 Ecclesia
1555 5319 1762 5382 adesse
1785 5318 2011 5381 noluis-

442 5429 508 5477 se
532 5459 549 5488 ,
598 5412 763 5495 quod
790 5412 974 5476 Missa
1013 5411 1380 5492 ineptiarum
1415 5421 1477 5475 et
1514 5412 2011 5494 superstitionum

2121 701 2209 752 set
2237 739 2254 761 ,
2287 693 2680 771 quamohrem
2717 688 2955 750 Missam
2991 691 3060 749 in,
3085 688 3344 750 Ecclesia
3373 708 3493 749 non
3522 688 3689 750 audi-

2121 795 2259 848 rent
2283 832 2300 860 ,
2351 806 2430 847 ne
2469 786 2531 846 in
2559 786 2840 847 Oratorio
2885 785 3132 865 quidem
3160 785 3397 865 privato
3443 783 3686 845 Missam

2121 882 2239 943 sibi
2285 881 2649 945 audiendam
2690 880 3147 942 existimassent.
3195 882 3282 941 De
3324 878 3685 958 templorum

2121 974 2581 1039 consecratione
2621 974 2953 1055 loquuntur
2979 974 3265 1054 'l'heologi
3293 1020 3309 1047 ‚
3348 974 3521 1056 cujus
3550 991 3685 1034 eam

2125 1071 2426 1134 rationem
2451 1070 2715 1132 afferunt
2738 1117 2754 1144 ‚
2784 1070 2946 1150 quod
2976 1069 3174 1131 locum
3203 1068 3559 1140 ministerio,
3587 1068 3685 1139 cui

2121 1166 2458 1229 destinatus
2481 1164 2601 1239 sit,
2650 1165 3161 1228 accommodatum
3199 1183 3326 1226 esse
3370 1170 3682 1243 oporteat;

2120 1262 2523 1343 quamobrem
2551 1260 2771 1342 templa
2797 1307 2813 1333 ‚
2829 1280 3000 1341 xquae
3026 1257 3351 1320 Christiani
3393 1274 3685 1339 peragen-

2124 1358 2203 1419 do
2232 1357 2451 1419 Missae
2477 1355 2781 1418 Sacrificio
2808 1353 3269 1426 destinaverint,
3310 1352 3684 1414 debereom-

2120 1451 2274 1514 nino
2295 1450 2650 1514 consecrari.
2703 1449 2997 1511 Videatur
3022 1447 3173 1510 Coll.
3210 1453 3303 1509 16.
3354 1445 3685 1509 Lucionen-

2121 1547 2204 1608 sis
2230 1565 2362 1629 par.
2396 1553 2454 1607 5.
2487 1566 2549 1628 p.
2582 1551 2718 1607 558.
2750 1553 2813 1607 et
2835 1563 2961 1625 seq.

2687 1731 2998 1795 CAPUT
3032 1731 3112 1792 11.

2733 1921 2816 1984 Dc
2841 1922 3063 1985 Allan.

2125 2113 2180 2171 1.
2240 2055 2494 2172 Altare
2516 2155 2532 2182 ‚
2583 2127 2765 2190 super
2798 2127 2924 2188 quo
2950 2109 3168 2170 Missae
3203 2106 3561 2169 sacrificium
3606 2106 3685 2167 sit
3724 2079 3870 2179 ἓξὲξ
3906 2079 4013 2181 ¹22¹}

2120 2202 2531 2287 peragendum
2561 2251 2578 2278 ‚
2636 2204 2941 2284 lapideum
2983 2221 3109 2265 esse
3158 2209 3433 2282 oportet,
3491 2209 3552 2263 et
3598 2201 3677 2262 ab
3717 2201 4013 2296 gggfloessmg‘

2124 2299 2421 2380 Episcopo
2446 2307 2886 2372 consecratum3
2913 2306 2975 2360 et
2999 2297 3053 2359 si
3077 2296 3321 2377 quidem
3353 2315 3471 2356 non
3499 2295 3578 2356 sit
3601 2314 3678 2356 ex
3720 2317 3791 2351 am

2129 2392 2357 2473 lapide,
2388 2394 2568 2455 Sacra
2598 2395 2774 2455 Petra
2798 2393 3008 2455 saltem
3041 2391 3253 2452 instrui
3278 2391 3476 2462 dehet,
3505 2408 3689 2469 quam
3729 2380 3773 2466 2²,
3776 2432 3978 2468 .......
4001 2455 4013 2467 ‚

2124 2487 2456 2569 Episcopus
2481 2487 2917 2551 consecraverit
2948 2507 2964 2561 ς
3012 2506 3204 2567 eaque
3241 2493 3407 2546 tanta
3433 2485 3510 2545 sit
3555 2503 3685 2545 ma·
3726 2484 4012 2582 &23:2⁰3

2120 2584 2438 2666 gnitudine
2463 2629 2480 2657 ,
2531 2600 2690 2664 quae
2720 2582 2994 2645 Hostiam
3040 2589 3099 2643 et
3119 2572 3120 2577 ’
3139 2581 3427 2663 majorem
3474 2578 3689 2641 Calicis
3729 2595 3806 2639 ι»...
3877 2572 4017 2641 «ξι-ωε

2122 2684 2358 2758 partem
2383 2676 2604 2757 capiat.
2636 2679 2884 2738 Tectum
2920 2674 3110 2737 altare
3149 2674 3228 2735 sit
3253 2673 3440 2735 ternis
3485 2670 3687 2734 linteis
3725 2653 3863 2699 ω’·

2125 2771 2370 2833 mundis
2393 2817 2408 2845 ,
2462 2771 2790 2834 benedictis
2830 2772 2910 2833 ab
2946 2769 3239 2850 Episcopo
3262 2815 3278 2842 ,
3329 2765 3424 2828 vel
3468 2767 3685 2846 quovis

2120 2865 2245 2930 alio
2271 2912 2288 2941 ,
2329 2867 2426 2929 cui
2457 2875 2715 2948 potestas
2749 2865 2828 2927 sit
2851 2885 2924 2928 ea
2950 2862 3359 2927 benedicendi.
3405 2864 3682 2944 Longum

2118 2980 2247 3023 esse
2273 2970 2513 3043 oportet
2550 2960 3104 3043 superius-linteum
3144 2954 3434 3038 utrinque
3455 2957 3535 3018 ad
3562 2965 3683 3019 ter·

2119 3076 2253 3119 ram
2280 3076 2473 3137 usque
2508 3057 2875 3130 demissum3
2918 3054 3154 3136 reliqua
3191 3054 3312 3115 duo
3354 3051 3673 3123 breviora3

2117 3150 2271 3231 quin
2295 3169 2491 3212 unum
2519 3148 2933 3213 tantummodo
2972 3147 3225 3210 linteum
3251 3146 3394 3208 satis
3417 3165 3543 3206 esse
3572 3165 3676 3224 po—

2118 3253 2233 3307 test
2257 3290 2275 3320 ,
2308 3245 2357 3306 si
2387 3254 2590 3307 tamen
2615 3245 2979 3326 duplicetur.
3011 3243 3292 3306 Anterior
3320 3246 3476 3302 Arae
3501 3240 3681 3301 facies

2118 3340 2381 3403 amiculo
2409 3357 2516 3403 seu
2541 3340 2729 3421 pallio
2753 3385 2769 3414 ‚
2800 3349 2871 3403 ut
2899 3347 3135 3413 vocant,
3165 3336 3552 3418 contegenda,
3582 3335 3679 3395 cui

2118 3435 2284 3497 color
2321 3435 2434 3497 itte
2470 3435 2550 3497 sit
2573 3482 2589 3508 ‚
2630 3426 2737 3514 qni
2779 3433 3111 3496 Festivitati
3150 3451 3254 3493 seu
3292 3430 3502 3492 Officio
3537 3450 3679 3490 con-

2116 3537 2316 3611 gruat.
2364 3531 2437 3592 ln
2477 3530 2677 3591 medio
2702 3529 2895 3591 Altari
2925 3537 3012 3590 est
3037 3529 3201 3589 Crux
3228 3533 3422 3588 erecta
3446 3572 3462 3599 ‚
3508 3527 3679 3607 cujus

2116 3624 2196 3685 'ab
2226 3633 2488 3706 utraque
2512 3632 2684 3706 parte
2710 3624 3073 3686 candelabra
3108 3623 3229 3685 sint
3254 3643 3390 3684 cum
3417 3620 3680 3683 candelis

2116 3720 2378 3781 accensis
2414 3719 2625 3804 saltem
2664 3719 2917 3781 duabus.
2952 3719 3045 3779 Ad
3082 3717 3430 3778 inferiorem
3469 3716 3678 3778 Crucis

2118 3822 2351 3895 partem
2381 3822 2642 3895 ponatur
2678 3834 2751 3876 ea
2774 3860 2791 3887 ,
2836 3832 2993 3894 quae
3030 3812 3274 3874 Tabella
3315 3811 3534 3872 dicitur
3572 3810 3676 3871 Se-

2115 3916 2437 3970 cretarum.
2471 3910 2542 3986 ln
2572 3926 2760 3970 cornu
2789 3907 3092 3989 Epistolae
3115 3903 3404 3988 pulvinus
3448 3904 3672 3966 Missali

2117 4003 2549 4084 supponendus
2572 4048 2589 4076 ,
2619 4011 2680 4065 et
2704 4004 2784 4064 ab
2810 4003 3017 4065 eadem
3044 4001 3345 4082 Epistulae
3371 4007 3540 4079 parte
3567 4019 3672 4079 pa-

2116 4104 2285 4159 retur
2311 4091 2632 4159 Cereus-ad
2657 4093 3054 4159 elevationem
3080 4093 3444 4157 sacramenti
3474 4089 3676 4155 accen·

2117 4189 2349 4254 dendus
2374 4238 2390 4265 ,
2422 4210 2608 4272 parva
2635 4190 3016 4272 mmpanula,
3045 4190 3225 4252 binae
3249 4188 3553 4269 ampullae
3579 4189 3673 4250 vi·

2118 4292 2283 4348 treae
2305 4332 2320 4360 ,
2353 4304 2615 4367 quarum
2659 4285 2848 4348 altera
2888 4286 3017 4347 vini
3052 4332 3068 4359 ‚
3110 4286 3297 4347 altera
3325 4302 3519 4364 aquae
3545 4283 3671 4363 ple-

2117 4397 2197 4442 na
2223 4380 2308 4442 sit-
2326 4426 2342 4453 ,
2382 4401 2520 4442 cum
2548 4380 2847 4462 pelvicula
2872 4388 2932 4442 et
2957 4379 3336 4460 manutergio
3353 4377 3580 4439 mundo
3606 4378 3673 4439 in

2116 4472 2466 4550 fenestella,
2510 4494 2612 4536 seu
2655 4494 2842 4556 parva
2884 4494 3089 4536 mensa
3122 4473 3199 4536 ad
3236 4474 3384 4535 haec
3418 4490 3670 4554 praepa-

2115 4577 2268 4632 rata.
3229 4597 3236 4602 -

2232 4667 2293 4723 9.
2337 4660 2502 4724 Ilaec
2528 4662 2594 4723 in
2625 4662 2905 4724 Rubricis
2942 4661 3201 4724 Missalis
3243 4660 3627 4724 continentur
3651 4680 3668 4732 ς
3843 4719 3852 4728 ,

2113 4775 2272 4838 quae
2287 4763 2399 4819 nos
2418 4758 2620 4839 quoad
2639 4775 2953 4838 possumus
2978 4756 3433 4819 illustrabimus.
3458 4756 3536 4816 Et
3554 4754 3675 4835 pri·
3711 4717 3838 4819 :2¹:5¹
3838 4715 4003 4819 251²:ss

2115 4869 2215 4911 mo
2237 4897 2254 4923 ,
2299 4850 2364 4911 in
2394 4851 2523 4933 lege
2550 4858 2804 4913 naturae
2833 4850 3056 4912 Altaris
3080 4853 3330 4932 ejusque
3367 4865 3674 4912 consecra·
3715 4840 4005 4933 ⁰:22⁰?,oe5

2115 4945 2296 5006 tionis
2324 4946 2686 5007 mentionem
2706 4945 2841 5006 fieri
2862 4945 3281 5025 comperimus.
3314 4944 3467 5004 Nam
3488 4943 3678 5003 Gene-
3715 4905 3857 5013 {¹³⁸9
3931 4961 3999 5005 ι»

2113 5056 2243 5099 scos
2262 5058 2391 5118 cap.
2415 5043 2514 5099 28.
2539 5046 2749 5100 narrat
2767 5038 3002 5119 Moyses
3021 5036 3332 5099 caelestem
3351 5035 3665 5107 visionem,
3715 5011 3874 5049 ''⁰⁰¹¹‘'

2111 5150 2269 5213 quae
2294 5132 2616 5195 dormienti
2641 5132 2826 5194 Jacob
2852 5131 3056 5194 oblata
3081 5141 3171 5194 est
3193 5178 3209 5205 ‚
3252 5131 3359 5211 qui
3389 5149 3669 5210 experre-

2112 5234 2243 5288 ctus
2271 5215 2405 5287 tulit
2431 5223 2673 5308 lapidem
2697 5274 2713 5299 ,
2744 5246 2907 5307 quem
2931 5236 3296 5307 supponat-ae
3320 5227 3498 5304 capiti
3523 5243 3626 5283 suo
3651 5271 3666 5293 ,

2114 5331 2167 5382 ot
2188 5323 2373 5382 erexit
2399 5307 2464 5381 in
2491 5323 2725 5382 titulum
2751 5322 2989 5400 frondens
3012 5322 3196 5381 oleum
3238 5320 3487 5398 desuper.
3519 5317 3673 5380 Ver·
3716 5346 3870 5389 vm...
3899 5356 4001 5387 m-

2115 5422 2212 5477 tus
2235 5434 2361 5477 non
2387 5414 2785 5477 consecrandi
2824 5434 3004 5477 causa
3029 5461 3044 5487 ,
3095 5413 3198 5475 sed
3227 5413 3449 5474 idcirco
3488 5412 3673 5474 Jacob
3715 5400 3884 5445 ‘'mm'‘

3868 2309 4012 2352 saltem

3743 4664 4004 4705 comente

436 5512 566 5590 jam
589 5506 767 5588 plena
815 5517 986 5570 esset.
1028 5507 1178 5568 Nam
1203 5506 1254 5568 si
1282 5525 1426 5569 vera
1466 5506 1614 5571 haec
1650 5526 1830 5570 causa
1855 5506 2008 5569 fuis-
2112 5508 2358 5571 unxisse
2386 5508 2645 5590 lapidem
2671 5517 2843 5591 putat
2866 5555 2882 5581 ,
2914 5517 2981 5571 ut
3008 5508 3248 5590 signum
3274 5515 3555 5580 exstaret,
3588 5506 3672 5568 ibi
