4487 6316
1851 545 1962 599 Lm
2018 545 2057 598 1.
2096 544 2221 598 CAP
2278 545 2386 602 xu.
3432 546 3501 598 ³3

448 690 998 755 accommodatius:
1049 710 1193 753 nam
1239 708 1349 771 pet·
1392 706 1525 751 eam
1578 687 2015 751 confirmantur
2122 691 2199 753 ad
2237 709 2474 753 annum
2513 694 2651 751 601.
2693 708 2755 751 n.
2803 694 2902 750 20.
2951 697 3011 751 et
3052 688 3231 771 Hugo
3256 688 3579 751 Menardus
3607 690 3688 752 ad

447 786 689 850 articuli
727 787 803 848 de
831 786 1209 848 invocatione
1236 784 1590 846 Sanctorum
1619 791 1679 844 ct
1707 784 1774 843 B.
1808 784 2015 863 Virgi-
2121 783 2670 847 sacramentarium
2697 784 2768 847 S.
2813 783 3088 865 Gregorii
3129 803 3191 864 p.
3235 789 3368 845 380.
3415 784 3687 847 Eandem

450 880 576 953 nis,
608 881 683 941 de
709 899 852 941 vera
880 901 949 941 ac
976 878 1126 941 reali
1155 880 1297 940 Jesu
1324 876 1545 938 Christi
1587 877 1923 956 praesentia
1949 878 2015 938 in
2123 878 2397 939 Viennae
2424 878 2485 938 in
2524 876 2896 940 Bibliotheca
2933 876 3202 939 Caesaris
3238 884 3539 958 repertam
3576 878 3689 940 ite·

446 973 862 1037 Eucharistiae
888 976 1294 1044 Sacramento‚
1325 972 1400 1033 de
1424 970 1697 1034 oratione
1722 971 2014 1050 provivis
2124 992 2260 1033 rum
2294 972 2452 1055 typis
2479 971 2667 1033 edidit
2691 970 3032 1033 Cardinalis
3059 972 3227 1033 Bona
3254 971 3329 1055 ad
3356 970 3578 1033 calcem
3606 971 3691 1035 O·

445 1079 630 1150 atque
659 1068 984 1142 defunctis,
1017 1086 1085 1129 ac
1126 1067 1201 1128 de
1241 1064 1567 1128 auriculari
1597 1062 2009 1138 Confi-„ssimum
2124 1066 2284 1147 peris
2314 1069 2537 1128 Rerum
2570 1066 3036 1148 Liturgicarum.
3071 1066 3133 1127 Si
3161 1065 3291 1140 cui,
3323 1085 3480 1147 quae
3504 1065 3580 1128 de
3605 1066 3692 1128 11-

446 1164 847 1245 quamohrcm
889 1163 1377 1224 Lutheranarum
1428 1159 1693 1239 partium
1738 1159 2014 1221 homines
2121 1160 2315 1243 lyrico
2338 1172 2399 1221 et
2425 1161 2501 1222 de
2525 1160 2708 1222 Missa
2743 1161 2938 1227 abeo
2975 1160 3136 1222 edita
3174 1159 3444 1222 breviter
3473 1179 3687 1223 narra-

446 1257 611 1317 omui
666 1255 866 1317 studio
911 1264 1243 1328 curarunt,
1289 1262 1358 1315 ut
1395 1253 1599 1314 omnia
1640 1252 2011 1333 exemplaria
2118 1256 2351 1327 vimuS‚
2381 1255 2601 1335 cupido
2626 1255 2705 1316 sit
2733 1274 2943 1317 eorum
2973 1263 3315 1316 accuratam
3364 1254 3556 1336 magis
3580 1274 3692 1316 no-

445 1351 814 1431 ubicumque
832 1350 1167 1430 conquisita
1191 1349 1316 1431 igni
1340 1355 1771 1410 cremarentur.
1801 1347 2006 1421 Plura,
2122 1349 2315 1412 titiam
2349 1349 2606 1423 habere,
2646 1350 2824 1411 adeat
2863 1348 3168 1412 Historiae
3211 1348 3436 1432 Fleury
3480 1350 3687 1413 Conti-

445 1466 640 1526 eaque
666 1444 867 1525 magni
900 1444 1183 1506 momenti
1216 1443 1278 1503 iu
1307 1463 1380 1505 ea
1404 1442 1586 1504 Missa
1612 1442 2010 1504 observarunt
2119 1452 2435 1505 nuatorem
2463 1452 2608 1506 tom.
2640 1447 2738 1505 31.
2770 1463 2910 1525 pag.
2943 1448 3080 1505 600.

445 1534 700 1602 Carolus
725 1540 809 1601 Le
850 1539 1060 1602 Cointe
1099 1547 1241 1602 tom.
1294 1544 1355 1600 2.
1402 1556 1653 1599 suorum
1677 1535 2009 1599 Annalium
