4487 6316
445 3064 511 3106 De
566 3060 735 3104 henedi-

446 3127 582 3164 tuom
590 3133 719 3176 aquae

445 3239 640 3281 tundatur

445 3298 637 3339 euticem.
663 3297 735 3337 ni-

446 3364 562 3398 tus·
540 3362 733 3411 mttquus

683 3410 734 3452 ab

445 3411 629 3471 paullum

445 3484 607 3569 “iigm-
619 3483 737 3583 ‚nudi-

447 3598 606 3629 1888118.

453 5316 514 5356 0·-
517 5312 740 5358 utioinbe-

987 515 1055 566 68

795 655 1082 729 ostendit,
1112 655 1269 719 hanc
1308 673 1433 718 esse
1458 654 1752 719 Ecclesiae
1782 654 2042 715 Graecae
2078 653 2342 735 discipli-

1782 511 1870 563 DE
1906 509 2388 564 SACROSANCTO
2428 510 2641 562 MtssAE
2680 511 3054 562 sAcntFtcto

2450 653 2707 714 continet
2737 654 2954 725 verba,
2989 660 3194 714 notatu
3226 673 3368 714 sane
3393 652 3761 735 dignissima,
3790 655 3862 715 da
3894 675 3993 714 ιιο-

795 772 958 826 nam,
976 743 1093 813 ‘nec
1118 767 1243 812 oese
1268 768 1398 812 eam
1429 749 1909 832 improbandam,
1934 769 2044 810 nec
2070 767 2340 828 unquam
2450 750 2531 807 bis
2551 770 2654 828 per
2684 751 2850 827 hujus
2880 768 3058 827 aquae
3097 760 3145 808 et
3187 751 3308 808 cini
3338 751 3661 829 mysterium
3704 750 3821 827 ojus
3851 752 3996 808 dici-

790 846 972 909 fuisse
1000 846 1421 927 improbatam.
1450 845 1791 906 vicecomes
1812 845 1886 905 de
1910 843 2172 924 antiquis
2194 843 2339 903 Mis·

2447 845 2647 903 nitatis
2697 863 2802 902 csse
2851 853 3159 911 consortes,
3214 843 3316 920 qui
3362 843 3748 902 humanitatis·
3779 853 3997 903 nostrae

785 961 887 1004 sae
928 940 1167 1003 Ritibus
1202 934 1317 1002 lib.
1363 946 1421 1001 2.
1469 960 1598 1021 cap.
1649 943 1745 1000 20.
1793 938 1898 1000 vix
1945 937 2134 998 credit.
2176 936 2340 997 hunc
2447 937 2573 1015 ficri
2601 938 2865 1014 eliquatus
2906 946 2983 996 est
3011 938 3288 1015 particeps
3325 934 3491 996 Jesus
3522 935 3783 996 Christus
3811 937 3995 997 Filius

778 1054 905 1098 esse
933 1034 1230 1097 Ecclesiae
1263 1035 1526 1096 Graecae
1572 1032 1789 1106 ritum;
1825 1031 1927 1092 sed
1966 1050 2103 1091 cum
2150 1029 2223 1090 de
2265 1049 2336 1090 eo
2452 1041 2578 1090 tuus
2609 1030 2882 1089 Dominus
2913 1043 3113 1091 noster.

780 1130 981 1195 testari
1011 1130 1213 1190 videat
1245 1127 1562 1198 Nicolaum
1592 1126 1926 1189 Cabasilam
1945 1171 1961 1198 ,
1994 1134 2054 1186 et.
2082 1124 2335 1185 Germa-

779 1246 926 1287 num
957 1223 1405 1296 Patriarcham,
1446 1243 1658 1284 manus
1686 1222 1944 1301 denique
1973 1220 2159 1281 victas
2194 1218 2329 1280 dat.

776 1320 1090 1403 mysticam
1126 1337 1270 1379 vero
1300 1317 1537 1397 quaerit
1579 1314 2111 1397 significationem,
2146 1321 2206 1374 et
2249 1312 2335 1375 ait

780 1434 1007 1477 morem
1044 1413 1209 1475 hunc
1251 1433 1375 1474 esse
1423 1412 1774 1483 inductum,
1818 1419 1886 1472 ut
1928 1408 2328 1491 significetur,

781 1508 1078 1598 Spiritum
1120 1507 1445 1579 Sanctum,
1492 1506 1597 1587 qui
1641 1506 1765 1588 igni
1811 1511 2221 1585 comparatur,
2269 1502 2330 1564 in

778 1600 1098 1666 hominum
1145 1601 1324 1664 corda
1353 1611 1414 1662 et
1443 1609 1700 1662 mentem
1747 1598 1968 1661 delabi.
2002 1585 2085 1688 j.
2122 1597 2229 1660 lib.
2268 1605 2325 1659 2.

779 1716 909 1778 cap.
956 1703 1008 1757 1.
1046 1718 1106 1757 n.
1143 1703 1201 1758 7.
1252 1696 1411 1757 idem
1441 1694 1776 1757 Cardinalis
1805 1693 2005 1768 addit,
2024 1693 2223 1755 “etiam
2266 1694 2330 1754 in

781 1790 998 1852 Latina
1027 1789 1288 1852 Ecclesia
1319 1789 1774 1861 CarthusianOS,
1818 1788 2057 1852 Frattes
2085 1787 2331 1848 Praedi-

777 1893 1037 1958 catores‚
1073 1883 1484 1946 Cistcrciensae
1508 1884 1685 1964 juxta
1712 1888 1972 1943 veterem

777 1979 1016 2051 dinem,
1060 1978 1240 2040 simul
1280 1997 1350 2040 ac
1393 1977 1470 2039 ad
1501 1976 1705 2038 Altare
1744 1995 1972 2038 accesse
2008 1973 2023 1990 ⁰
2210 1981 2215 1988 ¹

773 2094 960 2155 quam
992 2073 1232 2144 Missam
1266 2071 1581 2152 incipiant,
1612 2070 1825 2132 vinum
1850 2068 1917 2140 in
1949 2041 2251 2131 Cdiccffi'
2232 2086 2330 2127 ιιι-

776 2167 1050 2241 fundere,
1080 2178 1139 2230 et
1168 2186 1385 2248 aquam
1421 2165 1666 2227 miscere
1693 2161 2152 2244 brevfflluadam
2176 2160 2330 2225 Ora-

775 2261 938 2322 tione
967 2260 1257 2322 adhibita.
1293 2259 1466 2333 Quod
1496 2257 1741 2340 quidem
1771 2254 2020 2328 faciunt,
2049 2254 2144 2315 vel
2166 2254 2329 2335 quod

776 2354 853 2417 ad
883 2375 982 2416 cas
1011 2376 1105 2416 res
1134 2364 1366 2435 tempus
1395 2352 1805 2415 ante'Missam
1827 2357 2039 2431 putent
2061 2368 2328 2434 accomo-

775 2448 896 2510 dati
906 2468 1004 2522 uS,
1040 2447 1134 2509 vel
1167 2455 1235 2508 ut
1260 2446 1396 2528 plus
1424 2444 1710 2527 temporis
1736 2463 1777 2510 ι
1800 2443 2224 2506 commixtione
2253 2441 2327 2504 ad

779 2542 1281 2605 consecrationem
1314 2541 1621 2614 decurrat,
1655 2558 1777 2620 quo
1807 2558 1966 2620 aqua
1997 2538 2072 2599 in
2117 2538 2328 2599 vinum

773 2628 1190 2711 convertatur,
1224 2644 1283 2697 et
1325 2643 1528 2716 postea
1571 2633 1754 2708 simul
1793 2654 1930 2695 cum
1974 2653 2046 2694 eo
2083 2631 2146 2693 in
2173 2633 2328 2695 San-

774 2731 1061 2814 guinem,
1046 2752 1061 2767 ·
1107 2730 1270 2811 quod
1317 2727 1623 2791 contendit
1666 2726 2001 2789 Cardinalis
2047 2725 2328 2818 (Σειρίῳ-

773 2825 944 2887 chius
986 2822 1389 2904 controversia
1424 2827 1479 2884 1.
1527 2820 1592 2910 S.
1640 2827 1735 2884 32.
1775 2841 1897 2902 qua
1940 2820 2016 2882 de
2057 2840 2123 2881 re
2165 2819 2328 2883 infra

778 2941 908 3002 cap.
951 2925 1043 2980 15.
1078 2915 1541 3010 disputabi*

902 3020 993 3091 11.
1023 3013 1306 3075 Sacerdos
1331 3017 1552 3093 aqu‘am
1574 3009 1873 3073 benedicit
1894 3015 2215 3090 antequam
2239 3007 2330 3068 in-

722 3151 735 3174 ,
778 3108 991 3171 fundat
1034 3109 1098 3169 in
1144 3107 1421 3170 Calicem.
1474 3103 1641 3168 Idem
1685 3105 1833 3167 olim
1877 3105 2323 3214 usurpabatur,

445 3186 736 3280 nmequwssss
777 3205 877 3266 sed
902 3204 1137 3264 diverso
1167 3204 1428 3283 quodam
1460 3202 1654 3263 modo.
1679 3202 1887 3287 Neque
1913 3199 2075 3261 enim
2106 3202 2326 3280 aquam

777 3299 1060 3360 Sacerdos
1090 3297 1517 3370 benedicebat,
1539 3296 1641 3357 sed
1683 3296 1747 3356 in
1776 3293 2155 3356 Calicem-ad
2199 3313 2324 3355 mo·

773 3390 1154 3468 dum'Crucis
1181 3389 1568 3462 infundebat,
1603 3396 1671 3449 ut
1692 3387 1903 3449 ·videre
1931 3395 2020 3448 est
2049 3387 2111 3446 in
2145 3386 2325 3448 Ordi-

778 3507 854 3548 ne
887 3488 1153 3557 Romano
1184 3483 1343 3563 apud
1374 3483 1779 3564 Hittorpium,
1823 3490 1882 3543 et
1911 3481 1976 3542 in
2009 3472 2066 3542 3.
2098 3480 2326 3542 Ordine

781 3582 1051 3645 Romano
1087 3581 1262 3661 Juxta
1293 3586 1709 3651 monumenta,
1757 3596 1914 3657 quae
1942 3577 2113 3638 affert
2144 3575 2329 3636 Justi·

772 3672 993 3735 nianus
1021 3672 1404 3752 Chiapponus
1449 3670 1511 3731 in
1545 3670 1959 3732 dissertatione
1999 3668 2160 3730 edita
2194 3677 2326 3748 post

776 3767 922 3827 Acta
971 3763 1449 3829 Canonizationis
1499 3772 1759 3843 quatuor
1810 3762 2164 3823 Sanctorum
2213 3762 2327 3822 sub

776 3859 1079 3921 Clemente
1117 3860 1231 3920 xl.
1280 3877 1416 3939 pag.
1469 3862 1606 3918 278.
1655 3857 1828 3917 Nunc
1869 3876 2013 3919 vero
2044 3855 2329 3918 Sacerdos

776 3972 897 4016 non
945 3952 1193 4026 vinum,
1242 3951 1343 4011 sed
1382 3969 1639 4029 aquam,
1687 3949 1858 4031 signo
1901 3948 2108 4009 Crucis
2147 3968 2327 4028 super

779 4066 912 4109 eam
956 4046 1281 4128 producto,
1330 4044 1657 4105 benedicit:
1708 4063 1827 4104 non
1871 4043 2115 4115 vinum,
2165 4041 2326 4121 quod

777 4140 1080 4203 Christum
1112 4138 1439 4222 significat,
1472 4137 1568 4198 cui
1617 4136 1785 4198 nulla
1824 4156 1974 4217 opus
2014 4145 2103 4197 est
2147 4137 2328 4198 bene-

779 4235 1433 4341 d1‹tioaquam·voro
1477 4231 1804 4305 benedicit,
1840 4250 1997 4311 quae
2036 4230 2331 4312 significat

777 4329 1107 4411 Populum,
1156 4328 1262 4409 qui
1304 4327 1368 4388 in
1415 4326 1528 4387 hac
1573 4325 1730 4398 vita,
1778 4345 1915 4387 cum
1961 4343 2081 4385 non
2126 4324 2206 4386 sit
2250 4326 2329 4387 ab

774 4420 944 4519 *uni
977 4432 1214 4504 peccato
1255 4440 1475 4504 purus,
1509 4418 1920 4481 benedictione
1968 4418 2228 4501 indiget,
2263 4429 2332 4481 ut

779 4512 1040 4584 advertit
1068 4513 1409 4579 DuranduS.
1442 4513 1625 4575 Nulla
1660 4533 1801 4574 vero
1828 4512 1899 4574 fit
1926 4530 2120 4592 aquae
2148 4515 2329 4574 bene-

780 4611 960 4675 dictio
1003 4613 1069 4673 in
1115 4610 1311 4673 Missis
1341 4608 1772 4671 Defunctorum
1818 4615 2060 4689 propter
2105 4606 2329 4668 alteru-

781 4716 938 4770 tram
966 4726 1175 4767 earum
1205 4704 1530 4776 rationum,
1556 4722 1707 4783 quas
1732 4703 1908 4763 atl’ert
1929 4700 2284 4763 Gavantus
2265 4722 2328 4762 m

779 4801 1109 4863 Comment.
1145 4799 1219 4860 ad
1256 4798 1444 4859 Rubr.
1481 4796 1705 4859 Missal.
1736 4800 1871 4876 par.
1907 4801 1966 4856 2.
1998 4795 2088 4856 tit.
2133 4800 2190 4855 7.
2229 4793 2330 4855 St-

776 4899 896 4958 cuti
926 4897 988 4954 in
1016 4897 1125 4976 fine
1156 4893 1371 4955 Missae
1403 4892 1808 4970 Defunctorum
1849 4911 1964 4968 ιιοιι
1994 4891 2334 4950 benedicitur

781 4976 1069 5072 Populus,
1112 4991 1197 5049 ita
1236 5008 1333 5047 nec
1373 5006 1555 5065 aqua,
1595 5006 1736 5064 quac
1776 4986 2021 5046 cumdem
2051 4983 2336 5065 Populum

781 5086 1096 5166 significan
1129 5092 1192 5141 ut
1225 5082 1511 5141 diximus:
1536 5081 1622 5139 vel
1661 5100 1812 5158 aqua
1840 5081 1938 5140 hoc
1971 5081 2083 5139 loco
2115 5080 2334 5160 siqnifi-

781 5191 870 5242 cat
904 5178 1189 5260 Populum
1219 5175 1582 5265 Purgatur-ii,
1610 5176 1713 5251 qui
1730 5174 1856 5250 jam
1887 5184 1962 5234 cst
1989 5175 2053 5234 in
2080 5175 2291 5252 qratia.

904 5277 997 5333 12.
1033 5268 1242 5331 Oratio
1267 5244 1433 5339 veffl,
1466 5264 1614 5325 Deus
1643 5268 1744 5344 qui
1768 5267 2045 5328 humanae
2072 5267 2333 5327 substan-

468 5373 557 5471 “fn
548 5384 697 5438 *ξων
708 5378 749 5413 ⁶¹
791 5375 933 5442 tia,e
983 5388 1200 5450 quam,
1234 5374 1301 5426 ut
1341 5363 1517 5425 modo
1559 5363 1934 5436 dicebamus,
1977 5363 2187 5425 recitat
2229 5363 2336 5424 Sa-

456 5447 528 5543 luid
510 5446 600 5533 mie.

589 5430 741 5472 11810118

782 5465 1019 5538 ce··,1das
1067 5482 1204 5523 cum
1248 5479 1468 5542 aquam
1512 5456 1780 5519 infundit
1823 5456 1884 5518 in
1931 5455 2219 5532 Calicem,
2268 5475 2341 5520 ea

2567 1129 2659 1185 13.
2693 1125 2759 1184 [ιι
2788 1144 2859 1186 ea
2889 1124 3015 1185 vini
3044 1133 3103 1185 ct
3128 1143 3321 1204 aquae
3344 1122 3768 1185 commixtione
3798 1124 3987 1205 quod·

2446 1238 2584 1279 nam
2633 1219 2983 1301 mysterium
3037 1218 3412 1280 contineatur
3456 1220 3714 1298 explicat
3759 1221 3827 1279 Ι).
3875 1220 3990 1300 Cy-

2442 1331 2513 1419 pi
2517 1311 2691 1373 ianus
2711 1311 2955 1391 epistola
2980 1313 3053 1372 ad
3079 1311 3423 1384 Caecilium,
3449 1315 3618 1394 cujus
3640 1311 3822 1373 verba
3854 1333 3990 1373 cum

2442 1421 2549 1480 ⁷
2442 1421 2734 1487 umquae
2760 1406 3053 1478 diximuS,
3088 1404 3266 1486 plane
3290 1406 3686 1467 consentiunt.
3732 1406 3990 1467 Videmus

2440 1502 2504 1559 ιἰι
2532 1520 2683 1579 aqua
2717 1501 2997 1580 Populum
3023 1502 3299 1579 inteltiqi,
3334 1503 3395 1560 in
3437 1503 3566 1561 cino
3593 1503 3807 1560 ostendi
3833 1501 3990 1561 San-

2439 1595 2663 1671 quinem
2709 1593 2944 1653 Christi.
2984 1592 3227 1668 Quando
3266 1606 3452 1654 autem
3495 1596 3558 1667 in
3605 1594 3794 1655 Calicc
3840 1616 3992 1674 aqva

2440 1689 2569 1748 vino
2598 1689 2880 1756 miscetur,
2914 1686 3140 1748 Christo
3163 1688 3415 1769 Populus
3438 1689 3751 1759 adetnatnr,
3776 1701 3825 1749 et
3851 1689 3988 1750 Cre-

2438 1782 2688 1841 dentium
2709 1783 2862 1862 plebs
2904 1784 2985 1853 ci,
3021 1786 3081 1841 in
3114 1804 3270 1862 quem
3309 1779 3576 1854 credidit,
3610 1786 3909 1863 copulatur
3938 1795 3988 1843 et

2441 1876 2780 1954 conjuqitur.
2820 1874 2980 1950 Quae
3010 1878 3288 1956 copulatio
3312 1889 3362 1936 et
3392 1878 3705 1956 conjunctio
3733 1897 3913 1955 aquae
3939 1888 3990 1936 et

2438 1971 2560 2028 cini
2587 1970 2665 2028 sic
2694 1970 2954 2028 ntiscctur
2981 1971 3044 2028 in
3075 1967 3124 2029 C
3124 1971 3264 2030 alicc
3292 1969 3544 2038 Domini,
3573 1981 3636 2029 ut
3664 1972 3988 2044 commixtio

4033 1142 4252 1251 οἱΜῃῑπί
4254 1156 4339 1185 um

4102 1210 4272 1242 ιοοιιιιι
4275 1203 4336 1241 »5-

4033 1211 4336 1300 :tienne-11).

4028 1271 4254 1372 Cypriam:-

2438 2063 2544 2123 itta
2576 2083 2688 2122 ιιοιι
2712 2064 2884 2143 possit
2927 2064 2998 2123 ab
3027 2065 3262 2124 invicem
3291 2066 3566 2144 separari.
3606 2064 3761 2124 Unde
3790 2065 3989 2124 Ecclc-
4051 2115 4055 2119 Α

2436 2161 2611 2228 siam,
2647 2159 2785 2218 idest
2814 2158 3020 2238 plebem
3051 2159 3115 2216 in
3143 2157 3398 2218 Ecclesia
3430 2161 3819 2229 constitutam,
3853 2160 3989 2240 ficic-

2441 2254 2569 2312 liter
2619 2254 2680 2310 in
2714 2271 2773 2311 eo
2806 2252 2954 2329 quod
2979 2251 3213 2312 credidit
3240 2262 3673 2331 perseverantem
3703 2253 3870 2313 nulla
3904 2272 3990 2313 res

2429 2365 2695 2427 separare
2723 2347 2910 2425 potuit
2938 2366 2974 2405 a
3009 2343 3253 2405 Christo.

2560 2443 2650 2500 14.
2685 2440 2760 2500 Et
2789 2438 3076 2517 quoniam
3105 2438 3490 2521 mysticarum
3516 2439 3981 2519 explicationum

2436 2532 2625 2594 altera
2654 2530 2906 2593 alteram
2945 2551 3066 2591 non
3113 2531 3407 2604 excludit,
3438 2532 3683 2612 quidam
3715 2552 3822 2612 per
3851 2553 3984 2594 eam

2436 2647 2629 2709 aquae
2658 2634 2718 2688 et
2747 2626 2874 2687 viui
2902 2625 3386 2687 commixtionem
3417 2634 3663 2706 putant,
3698 2628 3984 2689 Incarna-

2436 2722 2617 2784 tionis
2646 2721 2875 2788 ostendi
2908 2720 3255 2802 mysterium
3274 2766 3290 2794 ,
3324 2720 3388 2780 in
3415 2740 3537 2801 quo
3567 2720 3835 2786 humana
3863 2742 3984 2784 ,na-

2436 2824 2572 2879 tura
2605 2807 2743 2877 cum
2775 2815 2982 2876 divina
3010 2814 3378 2896 hypostatice
3400 2815 3610 2896 juncta
3654 2823 3771 2887 est3
3800 2835 3988 2895 quam

2435 2910 2891 2991 explicationem
2936 2908 3086 2969 tueri
3135 2908 3416 2970 videntur
3451 2909 3637 2989 ipsius
3677 2909 3983 2972 Orationis

2435 3006 2621 3065 verba
2647 3049 2663 3078 ,
2711 3022 2869 3082 quae
2912 3020 3092 3082 supra
3143 3001 3484 3072 attulimus.
3535 3001 3653 3063 Alii
3701 3022 3809 3083 per
3852 3022 3986 3065 eam

2434 3098 2919 3161 commixtionem
2951 3105 3166 3179 putant
3202 3096 3454 3180 intelligi
3479 3115 3713 3178 aquam
3753 3106 3816 3158 et
3844 3117 3984 3160 san-

2432 3196 2710 3277 guinem,
2744 3212 2900 3275 quae
2933 3190 3314 3253 defluxerunt
3346 3211 3384 3254 a
3418 3191 3604 3253 latere
3636 3191 3890 3265 Christi3
3926 3201 3988 3255 et

2434 3310 2575 3351 sane
2620 3287 2904 3350 Sacerdos
2929 3287 3106 3369 juxta
3139 3286 3342 3346 Ritum
3376 3285 3840 3355 Ambrosianum
3887 3306 3983 3348 cc·

2436 3384 2675 3445 lebrans
2719 3382 2962 3443 Missam
2991 3427 3007 3454 ,
3053 3388 3111 3441 et
3156 3378 3537 3441 Cartbusiani
3581 3399 3720 3440 cum
3762 3397 3986 3460 aquam

2434 3478 2764 3539 infundunt
2793 3477 2858 3536 in
2892 3474 3179 3545 Calicem,
3218 3493 3337 3533 non
3384 3492 3516 3534 eam
3563 3492 3747 3553 quam
3777 3474 3985 3537 attuli-

2436 3592 2598 3644 mus,
2647 3570 2749 3631 sed
2786 3569 2943 3630 hanc
2982 3567 3234 3627 recitant
3272 3564 3652 3626 Orationem:
3685 3565 3769 3639 Dc
3814 3569 3985 3628 latero

2439 3665 2652 3726 Christi
2685 3666 2860 3724 exivit
2891 3663 3120 3740 sanquis
3151 3669 3200 3719 ct
3229 3678 3402 3737 aqua.
3437 3658 3507 3717 In
3534 3663 3755 3720 nominc
3788 3660 3986 3722 Patris

2436 3772 2484 3819 et
2517 3759 2654 3819 Filii
2679 3769 2730 3818 et
2758 3756 3014 3837 Spiritus
3042 3752 3248 3813 Sancti
3268 3751 3466 3811 Amen.
3493 3752 3581 3813 Ea
3606 3772 3753 3815 ,vero
3775 3755 3983 3831 verba,

2436 3854 2657 3932 quibus
2705 3849 2988 3913 Sacerdos
3038 3845 3300 3928 postulat.
3325 3892 3341 3919 ,
3399 3862 3508 3907 nos
3557 3846 3689 3908 fieri
3745 3842 3988 3911 divinae

2436 3956 2734 4008 consortes
2771 3953 3057 4014 naturae,
3089 3941 3237 4019 Ejus
3268 3942 3586 4007 divinitatis
3615 3962 3722 4002 esse
3764 3963 3986 4003 consor-

2439 4055 2511 4101 tes
2539 4090 2553 4112 ‚
2602 4043 2702 4120 qui
2750 4038 3121 4098 humanitatis
3171 4047 3389 4096 nostrae
3428 4037 3556 4116 ficri
3594 4032 3859 4115 diqna'tus
3908 4048 3988 4097 cst

2433 4139 2710 4216 particeps
2740 4182 2755 4204 ,
2808 4152 2882 4193 ex
2928 4130 3188 4193 secunda
3228 4131 3300 4191 D.
3352 4130 3510 4191 Petri
3556 4129 3807 4210 epistola
3846 4140 3988 4194 sunt

2437 4231 2776 4309 desumpta,
2826 4226 2929 4287 ubi
2978 4225 3051 4286 de
3095 4220 3330 4286 Christo
3376 4225 3443 4284 B.
3483 4223 3831 4303 Apostolus:
3871 4225 3987 4286 Per

2438 4346 2619 4404 quem,
2653 4320 2872 4402 inquit,
2906 4322 3164 4380 maxima
3190 4329 3239 4377 ct
3263 4318 3506 4396 pretiosa
3535 4319 3690 4377 nobis
3712 4321 3989 4396 promissa

2438 4419 2694 4486 deviavit,
2728 4426 2794 4475 ut
2820 4432 2923 4495 per
2949 4415 3080 4474 hacc
3113 4412 3430 4492 efficiamini
3462 4412 3686 4472 divinae
3717 4422 3989 4472 consortes

2438 4525 2699 4573 maurae.

2562 4613 2655 4668 15.
2695 4604 2916 4685 Aqua
2899 4624 2963 4664 m
2989 4600 3244 4663 Calicem
3276 4599 3487 4670 indita,
3515 4605 3696 4679 atque
3721 4599 3991 4660 oratione

2439 4686 2829 4764 comentente
2871 4698 3071 4770 dicta,
3117 4694 3400 4757 Sacerdos
3443 4693 3701 4759 Calicem
3727 4693 3991 4756 dextera

2438 4794 2836 4878 apprehendit
2868 4811 3083 4864 manu,
3107 4807 3381 4869 eumque
3413 4787 3721 4849 sublatum
3752 4798 3987 4861 tenens,

2441 4900 2603 4952 stans
2635 4889 2698 4950 in
2731 4886 2928 4949 medio
2955 4883 3131 4951 altari
3152 4929 3168 4956 ,
3202 4881 3493 4944 elevatis
3475 4902 3540 4942 m
3573 4881 3818 4943 Coelum
3849 4882 3992 4943 o'cu-

2442 4983 2549 5057 lis,
2594 5003 2727 5044 eam
2765 4977 3329 5049 dicit'Orationem,
3383 4973 3687 5056 offerimus
3734 4977 3838 5034 tibi
3879 4973 3998 5035 Do-

2443 5079 2623 5137 mine.-
2661 5095 2780 5157 qua
2808 5074 2997 5145 dicta,
3030 5070 3172 5135 facit
3204 5070 3442 5152 signum
3473 5069 3679 5129 Crucis
3712 5087 3850 5128 cum
3881 5067 3992 5129 Ca-

2444 5169 2558 5231 lice
2602 5189 2780 5250 super
2813 5164 3165 5245 Corporale,
3210 5172 3288 5224 et
3315 5163 3511 5243 ipsum
3554 5162 3616 5221 in
3668 5161 3863 5221 medio
3911 5161 3995 5223 ita

2443 5272 2576 5345 post
2594 5263 2852 5325 hostiam
2876 5259 3156 5332 collocat,
3188 5266 3257 5319 ut
3283 5256 3479 5318 hostia
3506 5256 3701 5316 media
3728 5255 3807 5316 sit
3837 5255 3994 5317 inter

2444 5359 2817 5422 Sacerdotem
2848 5363 2907 5416 et
2935 5354 3229 5425 Calicem,
3267 5370 3470 5431 quem
3483 5336 3643 5430 palla
3676 5348 3836 5430 tegit.
3879 5351 3994 5408 De-

2444 5453 2584 5517 inde
2617 5473 2679 5515 se
2712 5451 3009 5521 inclinans
3027 5448 3329 5511 submissa
3362 5464 3506 5507 uoce
3534 5444 3653 5507 ait.
3690 5443 3762 5504 In
3789 5445 3999 5525 spiritu

2409 5546 2440 5631 ¹v

2441 5652 2450 5659 v

4026 2459 4142 2503 Ati-0
4202 2462 4274 2515 eju
4277 2476 4327 2504 s-

4026 2517 4077 2559 d«-
4055 2533 4120 2560 em
4141 2524 4325 2562 commi-

4026 2578 4175 2618 xttun'u
4223 2591 4326 2636 my·

4026 2635 4149 2676 stit-e
4186 2638 4326 2691 ngui-

4025 2689 4243 2735 tic-tiones.

4031 4623 4326 4672 neom-tium
