4487 6316
1022 509 1125 559 :too

1754 509 1843 560 SS.
1884 508 1946 560 D.
1986 508 2051 562 N.
2090 502 2625 561 nemmem-xlv.

2668 505 3026 559 Pam-‘ulo

842 651 1243 731 Consentanea
1269 650 1411 713 huic
1436 650 1790 730 disciplinae
1817 650 1938 733 alia
1965 666 2211 729 quoque
2240 669 2384 708 con·
2472 669 2542 710 ac
2566 648 2821 729 singulis
2849 649 3155 712 institutus
3179 694 3196 722 ‚
3226 661 3487 731 quorum
3519 648 3667 711 festa
3686 651 3862 731 juxta
3891 651 4008 723 Ro-

837 741 1086 803 suetudo
1119 751 1203 803 est
1233 788 1250 816 ‚
1282 742 1368 805 uti
1398 738 1504 823 qui
1535 763 1743 805 curam
1768 742 2322 806 animarum.habet
2347 785 2364 813 ‚

835 836 1150 897 annuntiet
1190 836 1411 916 populo
1453 836 1601 900 festa
1643 838 1852 901 saltem
1901 837 1977 898 de
2018 843 2330 915 praecepto
2350 879 2367 907 ‚

835 929 1075 1010 quaein
1097 929 1533 991 hebdomadam
1559 940 1904 1010 sequentem
1931 930 2229 991 incidunt..
2255 930 2371 989 Ve-

833 1044 970 1084 rum
994 1023 1140 1085 festa
1161 1024 1454 1091 duntaxat
1473 1024 1735 1086 indicere
1754 1024 1907 1086 nihil
1930 1019 2017 1085 est
2038 1024 2228 1095 aliud,
2254 1022 2366 1083 nisi

834 1117 1055 1198 populo
1077 1118 1462 1191 denunciare,
1483 1119 1678 1185 Sacris
1700 1129 1772 1181 ut
1791 1118 2089 1226 mysteriis
2110 1118 2368 1189 intersit,

833 1220 892 1273 et
920 1231 982 1273 se
1007 1212 1086 1273 ab
1113 1212 1395 1291 operibus
1419 1213 1741 1274 servilibus
1766 1213 2098 1286 abstineat3
2126 1212 2370 1293 quando

832 1326 1049 1386 operae
1077 1306 1335 1387 pretium
1358 1316 1537 1381 esset,
1564 1308 1853 1387 populum
1872 1308 1947 1368 de
1970 1306 2254 1389 mysterio
2284 1304 2371 1365 in·-

830 1410 1092 1474 struere,
1121 1400 1281 1481 quod
1314 1411 1656 1469 recurrente
1676 1402 1781 1464 illa
1800 1401 2145 1473 celebritate
2164 1401 2368 1463 Eccle-

830 1494 921 1556 sia
939 1503 1141 1557 sancta
1160 1496 1335 1575 nobis
1360 1495 1516 1556 serio
1537 1496 2034 1559 considerandum
2056 1494 2360 1575 proponit.

832 1588 1035 1661 Quare
1086 1588 1233 1649 mihi
1289 1590 1552 1669 persuasi
1600 1589 1760 1659 baud
1814 1588 2030 1651 inutile
2077 1588 2206 1648 sore
2254 1587 2368 1649 hoc

829 1702 1010 1762 opus,
1044 1682 1108 1743 in
1134 1685 1304 1764 cujus
1330 1683 1582 1745 lectione
1608 1691 1737 1744 tum
1768 1685 2022 1764 majores
2045 1728 2061 1755 ,
2095 1678 2222 1743 tu'm
2251 1682 2366 1742 mi-

830 1795 1005 1839 nores
1030 1784 1222 1837 aetate
1256 1777 1546 1856 inspicere
1574 1766 1889 1838 collectum
1919 1785 2157 1855 possent
2185 1774 2365 1855 quid-

828 1869 976 1948 quid
1001 1869 1152 1933 scire
1176 1877 1473 1942 tenentur,
1501 1879 1626 1931 tum
1657 1871 1837 1948 etiam
1863 1870 2112 1935 Parochi
2141 1870 2366 1932 edisce-

828 1971 964 2028 rent
989 1962 1287 2043 qnidquid
1318 1982 1419 2024 eos
1443 1964 1595 2025 scire
1622 1964 1822 2039 decet,
1854 1973 1915 2025 et
1943 1963 2186 2043 populo,
2218 1963 2364 2024 dum

828 2056 976 2139 festa
1002 2057 1365 2127 annuntiant
1390 2103 1407 2130 ,
1437 2057 1758 2141 explicare.
1850 2090 1853 2091 ν

945 2156 1002 2211 6.
1054 2151 1513 2212 Praelaudatum
1563 2152 1897 2217 Concilium
1943 2151 2364 2212 Tridentinum

827 2251 1142 2323 postquam
1168 2264 1294 2303 sess.
1328 2250 1425 2312 22.
1458 2266 1582 2325 cap.
1612 2253 1670 2306 8.
1701 2246 2007 2325 exposuit,
2036 2265 2155 2305 nen
2182 2263 2364 2323 expe-

827 2337 1000 2410 dire,
1031 2337 1244 2399 Missae
1272 2339 1642 2431 Sacrificium
1672 2340 1953 2402 idiomate
1983 2339 2191 2400 Italico
2215 2337 2366 2400 cele-

825 2431 1023 2503 brari,
1047 2432 1372 2493 omnibus
1356 2433 1463 2504 113,
1490 2434 1731 2513 quibus
1739 2435 2080 2496 animarum
2106 2452 2251 2494 cura
2277 2441 2367 2493 est

824 2525 1217 2612 demandata,
1249 2527 1567 2606 praecipit,
1598 2536 1665 2588 ut
1691 2529 1904 2590 diebus
1930 2528 2158 2589 festivis
2185 2519 2364 2588 Sacra

825 2618 1147 2691 facienteS,
1177 2640 1289 2692 ea,
1322 2641 1477 2700 quae
1504 2622 1566 2682 in
1598 2623 1777 2684 Missa
1808 2623 2132 2702 leguntur,
2162 2621 2365 2701 expla-

824 2722 1004 2781 nent,
1033 2722 1093 2774 et
1122 2715 1448 2795 mysteria,
1478 2715 1702 2793 quibus
1728 2716 1840 2777 hoc
1867 2717 2236 2778 Sacrificium
2269 2736 2363 2777 re-

825 2805 1046 2866 fertum
1073 2816 1161 2867 est
1187 2852 1203 2878 ,
1240 2808 1460 2886 populo
1487 2808 1806 2888 diligenter
1832 2811 2162 2890 explicent,
2196 2831 2365 2873 accu-

826 2908 1072 2978 rateque
1101 2898 1422 2973 declarent.
1458 2902 1633 2973 Quod
1661 2901 1905 2980 quidem
1924 2903 1998 2962 -in
2028 2904 2139 2964 hac
2169 2906 2365 2965 Bono·

825 2991 1017 3061 niensi
1046 2992 1314 3054 ,Dioecesi
1348 2994 1493 3056 utile
1515 3016 1893 3075 summopere
1917 3017 2071 3068 esse,
2101 3005 2162 3058 et
2185 2998 2366 3059 Liber

820 3085 923 3148 hic
952 3096 1155 3177 noster
1185 3087 1347 3150 haud
1378 3090 1631 3178 obscure
1664 3093 1899 3171 probat.
1937 3092 2029 3151 lbi
2065 3091 2363 3172 siquidem

822 3183 1293 3252 desacrosancto
1319 3185 1533 3246 Missae
1554 3185 1858 3248 Sacrificio
1876 3187 2267 3267 ejusdemque
2286 3188 2369 3247 ri-

820 3275 988 3338 tibus
1011 3321 1028 3348 ,
1058 3279 1446 3339 caeremoniis
1473 3324 1489 3350 ,
1526 3279 1901 3340 orationibus
1930 3287 2326 3358 pertractatur
2345 3323 2361 3350 ,

824 3379 1005 3460 atque
1032 3369 1173 3442 item
1197 3371 1272 3431 de
1297 3372 1686 3451 antiquitate,
1716 3392 1861 3445 usu,
1892 3382 1951 3433 et
1977 3371 2364 3452 significatio-

824 3485 903 3525 ne
937 3477 1140 3526 rerum
1166 3467 1609 3545 praedictarum
1638 3467 1770 3528 fuse
1796 3468 2106 3529 disseritur
2132 3515 2147 3537 ,
2170 3467 2265 3532 ‚ita
2299 3476 2368 3528 ut

820 3556 1111 3620 Sacerdos
1138 3559 1285 3620 hinc
1310 3559 1558 3628 haurire
1588 3561 1764 3623 facile
1795 3561 2032 3633 valeat,
2064 3581 2221 3641 quae
2258 3580 2365 3641 po-

824 3650 971 3734 pulo
1005 3651 1123 3712 sibi
1154 3653 1378 3713 credito
1424 3655 1712 3716 tradenda
1747 3653 2077 3720 necessario
2115 3653 2360 3719 duxerit

823 3745 901 3806 ad
929 3746 1230 3825 pietatem,
1255 3757 1315 3808 et
1340 3749 1735 3821 reverentiam
1766 3749 1829 3809 iu
1850 3747 2364 3827 hoc-Sacrificium

825 3839 1223 3901 excitandam.
1257 3840 1432 3913 Quod
1457 3842 1506 3901 si
1537 3843 1674 3921 quis
1700 3842 1859 3903 dicat
1883 3861 2052 3916 „non
2074 3831 2363 3922 intelligi,

826 3933 975 4014 quid
992 3952 1308 4008 commune
1325 3934 1587 3996 habeant
1612 3955 1751 3996 cum
1774 3937 1973 4007 rebus,
2008 3954 2175 4015 quae.
2190 3954 2367 4013 supe-

828 4027 957 4104 rius
988 4028 1184 4089 dictae
1206 4036 1344 4098 sunt
1371 4074 1387 4098 ,
1421 4029 1850 4091 Adnotationes
1876 4075 1892 4102 ,
1923 4049 2074 4109 quas
2106 4029 2184 4090 ad
2213 4029 2369 4090 vitas

827 4122 1181 4184 Sanctorum
1200 4122 1566 4201 scripsimuS,
1593 4124 1653 4184 in
1674 4144 1934 4203 quorum
1956 4124 2247 4185 honorem
2269 4123 2372 4184 Ol*-

828 4215 1065 4288 ficium,
1092 4224 1151 4277 et
1173 4217 1350 4278 Missa
1373 4218 1783 4280 de.Communi
1809 4218 1870 4278 in
1903 4218 2015 4279 hac
2037 4228 2239 4280 nostra
2269 4218 2367 4278 Ci-

832 4310 1037 4391 ,vitate‚
1052 4319 1113 4372 et
1126 4311 1390 4373 Dioecesi
1420 4311 1777 4373 Bononiensi
1800 4311 2202 4382 celebrantur,
2228 4311 2374 4373 libe-

836 4424 902 4465 re
928 4405 1378 4483 respondemuS,
1407 4405 1781 4481 charitatem,
1805 4424 1928 4484 qua
1948 4424 2155 4466 sumus
2179 4406 2241 4466 in
2259 4407 2372 4467 Pa-

833 4498 1013 4562 triam
1028 4498 1391 4578 ‚inflammati
1409 4544 1433 4570 ,
1454 4498 1531 4559 311
1559 4498 1721 4575 hunc
1742 4518 1851 4558 nos
1878 4498 2146 4559 laborem
2172 4499 2372 4579 impu-

834 4590 1005 4665 lisse,
1036 4601 1102 4653 ut
1130 4592 1557 4664 innotesceret,
1579 4591 1727 4671 quid
1753 4600 1983 4653 certum
2007 4602 2191 4675 esset,
2223 4595 2373 4674 quid

837 4697 983 4745 vero
1006 4685 1260 4746 dubium
1284 4708 1302 4757 ς
1328 4686 1491 4766 quod
1535 4694 1992 4752 autem-eertum
2028 4697 2373 4767 appareret,

835 4797 948 4858 pro
969 4786 1136 4841 certo
1156 4780 1235 4846 ab
1260 4779 1541 4841 omnibus
1567 4779 1923 4852 haberetur;
1953 4781 2067 4844 rati
2091 4782 2377 4844 3111111311-

838 4892 995 4953 mus,
1024 4872 1184 4934 hanc
1210 4892 1391 4939 unam
1411 4893 1537 4936 esse
1558 4874 1715 4936 viam
1735 4875 1813 4935 ad
1835 4875 2193 4937 obtinendas
2215 4895 2253 4937 a
2271 4875 2380 4938 Sa·

839 4986 938 5029 cra
955 4967 1198 5028 Rituum
1213 4957 1682 5049 Congregatione
1692 4970 2000 5030 lectiones
2014 4972 2309 5050 proprias,
2326 4971 2374 5031 si

844 5059 1044 5121 minus
1061 5060 1331 5129 omnium
1348 5106 1365 5133 ,
1390 5061 1599 5124 saltem
1622 5062 1967 5143 aliquorum
1987 5064 2374 5139 Sanctorum,

843 5154 949 5234 qui
977 5154 1138 5234 apud
1173 5174 1280 5216 nos
1306 5156 1631 5234 quotannis
1659 5155 1884 5217 divinis
1916 5156 2249 5220 honoribus
2280 5181 2377 5223 ce-

847 5250 1179 5311 lebrantur.
1206 5246 1524 5310 Praeterea
1547 5285 1567 5320 ,·
1594 5249 1742 5329 quia
1785 5270 2015 5316 mecum
2056 5256 2376 5334 reputavi,

847 5362 998 5422 opus
1028 5340 1330 5420 prolimm
1362 5339 1543 5401 nimis
1568 5385 1585 5412 ,
1607 5350 1674 5423 ‘et
1705 5341 1946 5406 fastidio
1974 5345 2219 5424 plenum
2256 5348 2383 5411 sore

852 5435 1170 5497 lectoribus
1194 5477 1211 5505 ‚
1241 5433 1290 5494 si
1317 5453 1513 5496 sermo
1537 5444 1689 5500 emet
1715 5436 1792 5497 de
1814 5437 2049 5500 Sanctis
2076 5441 2380 5517 omnibus,

2479 763 2722 804 manum
2755 741 3174 804 Calendarium
3206 744 3267 803 in
3287 744 3410 807 xhac
3436 744 3689 805 Civitate
3711 790 3728 817 ,
3749 753 3815 805 31
3840 744 4013 805 Dice-

2475 837 2589 896 cesi
2621 843 2990 916 peraguntur
3012 881 3029 907 ,
3069 835 3203 896 ideo
3235 836 3301 896 in
3337 844 3593 897 mentem
3631 836 3797 897 venit
3820 883 3836 909 ,
3868 856 4011 898 con-

2476 926 2826 991 sentaneum
2855 929 2982 989 sore
2998 974 3014 1001 ,
3043 929 3095 989 si
3124 949 3319 990 sermo
3345 930 3421 991 ad
3447 950 3547 991 eos
3565 930 3820 997 Sanctus
3845 950 4011 991 coer-

2475 1032 2731 1093 ceretur,
2755 1024 2862 1102 ,qui
2888 1023 2982 1083 vel
2999 1022 3215 1103 -aliqua
3239 1023 3531 1103 peculiari
3554 1043 3731 1085 causa
3756 1024 3832 1085 ad
3858 1024 4015 1085 hanc

2477 1115 2789 1177 Civitatem
2827 1124 3130 1195 spectant,
3166 1116 3260 1177 vel
3293 1131 3574 1196 quorum
3591 1115 3911 1188 Officium,
3953 1122 4015 1177 et

2476 1210 2677 1281 Missa,
2711 1209 2848 1272 licet
2875 1210 2949 1270 113
2968 1210 3283 1271 Communi
3318 1219 3387 1271 ut
3407 1210 3764 1290 plurimum,
3789 1210 4014 1271 ibidem

2473 1299 2632 1365 solet
2640 1304 2816 1384 juxta
2845 1303 3217 1381 Bononiense
3242 1302 3664 1364 calendarium
3692 1302 4006 1364 celebrari.

2475 1395 2639 1457 Ordo
2665 1405 2897 1468 autem,
2921 1415 3104 1475 quem
3129 1396 3366 1474 sequuti
3397 1414 3634 1467 sumus,
3664 1394 4009 1476 hujusmodi

2476 1499 2582 1550 est.
2630 1490 2845 1570 Agitur
2885 1490 2959 1550 de
2998 1489 3278 1550 omnibus
3318 1486 3530 1550 diebus
3571 1488 3735 1550 festis
3770 1489 3897 1550 sive
3935 1488 4012 1551 ad

2475 1585 2716 1645 Beatam
2745 1584 3057 1664 Virginem
3085 1630 3101 1656 ,
3134 1583 3261 1645 sive
3289 1584 3366 1644 ad
3407 1584 3651 1644 Sanctos
3689 1583 4012 1662 spectanti-

2475 1680 2634 1751 bus„
2641 1680 2817 1759 juxta
2844 1678 3080 1739 dierum
3111 1677 3385 1738 ordinem
3405 1723 3422 1747 ,
3453 1677 3515 1737 in
3539 1677 4015 1757 quibus‘eorun·

2473 1773 2607 1833 dem
2639 1772 2924 1833 memoria
2944 1779 3297 1833 renovatur.
3325 1771 3453 1832 Hac
3472 1779 3673 1840 autem
3693 1770 3895 1847 oblata
3920 1790 4015 1831 oc-

2472 1867 2709 1943 casione
2734 1876 3009 1928 curatum
3036 1875 3125 1926 est
3159 1865 3420 1925 inserere
3452 1864 3749 1943 quidquid
3793 1866 3891 1926 vel
3934 1864 4014 1925 ad

2472 1961 2783 2023 historiam
2812 1961 3026 2022 referri
3058 1968 3288 2039 potest,
3319 1957 3415 2025 vel
3442 1958 3519 2019 ad
3549 1958 4013 2037 explicationem

2472 2056 2830 2116 Divinarum
2857 2054 3304 2132 scripturarum
3329 2097 3345 2124 ,
3389 2051 3483 2112 vel
3523 2051 3597 2112 ad
3630 2052 4012 2131 quaestiones

2471 2152 2706 2213 criticas
2723 2192 2745 2222 ,
2774 2159 2834 2210 et
2862 2147 3248 2228 Theologieas
3272 2193 3288 2219 ,
3327 2148 3401 2207 de
3431 2145 3655 2226 quibus
3683 2147 3921 2227 agimus
3949 2153 4013 2208 et

2474 2245 2766 2316 breviter,
2795 2251 2857 2329 et
2881 2243 3299 2303 nonobscure.
3332 2240 3636 2314 Quasdam
3657 2259 3801 2301 vero
3822 2259 4011 2320 quae-

2470 2340 2690 2401 stiones
2711 2339 2775 2399 in
2797 2324 3064 2399 medium
3085 2335 3332 2416 quidem
3355 2334 3739 2414 proferimus,
3763 2334 4015 2395 minime

2469 2455 2614 2495 vero
2639 2433 3021 2495 enucleamus
3042 2476 3059 2502 ,
3092 2449 3232 2490 cum
3261 2437 3621 2509 argumenta
3652 2427 3848 2489 desint
3875 2447 4013 2507 per-

2470 2529 2655 2590 fectae
2695 2547 2904 2588 carum
2937 2524 3233 2585 solutioni·
3263 2522 3405 2583 satis
3446 2523 3660 2583 idonea
3688 2568 3704 2594 ,
3750 2541 4011 2602 cumque

2471 2622 2881 2684 existimemus
2916 2627 3198 2699 oportere
3217 2618 3512 2682 duntaxat
3536 2616 3773 2677 easdem
3792 2634 4009 2693 nosce·

2472 2738 2580 2789 re„
2613 2725 2673 2777 et
2703 2711 3362 2776 doctorumhominum
3388 2710 3817 2771 dissensionem
3836 2755 3853 2782 ,
3882 2708 4017 2790 opi-

2470 2812 2842 2889 nionumque
2868 2807 3218 2869 varietatem
3262 2812 3484 2865 tenere.
3535 2806 3606 2864 In
3649 2803 3770 2864 illis
3812 2812 4016 2866 autem

2471 2904 2924 2986 quaestionibus
2950 2946 2966 2973 ,
2995 2901 3071 2961 de
3098 2900 3322 2980 quihus
3353 2897 3966 2983 sententiam-pretuli
3994 2942 4013 2969 ,

2472 3002 2557 3062 ita
2583 3010 2681 3060 1113
2706 2996 2881 3079 gessi,
2910 3003 2979 3056 ut
3001 2993 3207 3054 solidis
3233 2991 3570 3054 rationibus
3589 2991 3907 3064 inniterer,
3935 2991 4016 3067 iis

2472 3091 2856 3174 praesertim,
2889 3107 3045 3169 quae
3074 3107 3110 3148 a
3137 3086 3346 3158 doctis,
3375 3093 3436 3146 et
3455 3084 3719 3146 cordatis
3747 3083 4015 3149 homini-

2475 3190 2585 3249 bus
2609 3233 2626 3259 ,
2662 3186 2857 3264 etqui
2884 3203 3030 3247 vera
3074 3199 3113 3243 a
3147 3181 3313 3243 falsis
3355 3180 3772 3260 distinguunt,
3816 3199 4014 3259 neque

2471 3280 2698 3342 creduli
2715 3278 2925 3353 nimis,
2951 3295 3146 3355 neque
3170 3262 3374 3334 rerum
3403 3292 3698 3344 novarum
3716 3279 4016 3336 amatore·

2473 3384 2633 3447 sunt,
2665 3372 2935 3436 sed-boni
2967 3387 3193 3440 sensus,
3223 3377 3286 3429 et
3301 3375 3595 3447 spectatae
3616 3366 3875 3445 pietatis,
3905 3384 4015 3427 no-

2478 3464 3304 3549 taeque-fideiperhibentur.
3339 3462 3472 3540 Non
3514 3459 3695 3521 semel
3728 3461 4018 3521 Auctores

2472 3562 2858 3645 producimus
2873 3605 2889 3632 ,
2922 3555 3291 3636 supradictis
3305 3555 3547 3616 dotibus
3569 3573 3690 3614 11011
3717 3552 4011 3614 illustres:

2473 3676 2682 3719 eorum
2728 3664 2923 3716 tamen
2943 3648 3451 3713 commemoratio
3474 3646 3811 3711 necessaria
3855 3645 4012 3720 fuit,

2475 3752 2570 3813 vel
2598 3762 2666 3811 ut
2687 3748 2921 3832 eosdem
2944 3765 3015 3806 ea
3038 3744 3317 3825 quidem,
3350 3762 3474 3823 qua
3498 3742 3694 3814 decet,
3727 3739 4016 3802 modestia

2405 3865 2410 3872 ·
2475 3844 2924 3911 refelleremuS,
2955 3837 3049 3898 vel
3083 3845 3151 3897 ut
3178 3852 3385 3916 eorum
3421 3833 3674 3895 eruditis
3704 3832 4017 3895 laboribus

2475 3948 2823 4005 uteremur,
2878 3932 3101 4012 quibus
3147 3913 3368 3991 bonam
3416 3926 3656 3989 causam
3694 3926 3901 4048 aliqua
3941 3944 4022 3986 ex

2476 4041 2645 4114 parte
2674 4028 2870 4089 fulciri
2902 4046 3068 4106 posse
3095 4023 3514 4130 comperimus.

2594 4131 2651 4185 7.
2698 4124 2911 4190 Fateor
2939 4119 3092 4180 nihil
3123 4117 3259 4178 novi
3306 4116 3367 4175 in
3407 4124 3528 4176 toto
3554 4114 3668 4176 hoc
3706 4069 3899 4193 opere
3917 4113 4012 4173 in-

2479 4216 2694 4290 veniri,
2718 4234 2855 4277 cum
2879 4215 2954 4275 de
2980 4232 3045 4276 re
3069 4231 3108 4271 a
3138 4219 3224 4271 tot
3241 4211 3368 4296 jam
3390 4207 3735 4278 clarissimis
3762 4205 4015 4268 auctori-

2480 4316 2593 4376 bus
2618 4317 2974 4414 pertractata
3005 4304 3154 4365 nihil
3197 4302 3539 4364 inauditum
3564 4301 3766 4363 afferri
3798 4298 4012 4379 possit,

2476 4408 2625 4489 quin
2655 4402 3013 4484 aliquemne
3053 4397 3363 4478 scopulum
3412 4395 3801 4476 impingatur.
3838 4391 4017 4471 Quod

2478 4502 2527 4563 si
2555 4499 2903 4578 contingat,
2936 4505 3179 4573 utopus
3205 4512 3241 4552 a
3269 4489 3591 4551 lectoribus
3616 4498 3787 4570 grato
3813 4486 4017 4558 animo

2478 4595 2847 4674 excipiatur,
2881 4609 3002 4660 nec
3015 4587 3421 4665 improbetur,
3456 4583 3610 4644 nihil
3627 4581 3830 4644 aliud
3841 4579 4017 4641 nobis

2481 4688 2668 4751 tribui
2699 4680 3199 4748 commendationi
3235 4679 3451 4750 debet,
3485 4695 3669 4757 quam
3697 4671 4018 4754 colligendi

2483 4785 2634 4855 laus,
2665 4790 2726 4842 et
2751 4780 2996 4844 collecta
3029 4795 3203 4836 suum
3234 4791 3538 4852 quaeque
3536 4770 3604 4835 in
3629 4768 3902 4830 ordinem
3925 4765 4019 4828 di-

2482 4874 2793 4960 sponendi.
2828 4875 3083 4934 Demum
3123 4868 3384 4929 scribere
3421 4865 3629 4945 lingua
3656 4882 3780 4926 non
3807 4861 4022 4928 Latina

2484 4963 2748 5054 placuit,
2777 4967 2881 5028 sed
2908 4963 3161 5035 Italica;
3175 4971 3335 5023 tom
3380 4959 3525 5039 quia
3568 4957 3802 5038 majori
3786 4956 3873 5016 in
3905 4971 4021 5015 usu

2484 5077 2604 5139 est,
2635 5063 2966 5142 utiliorque
2992 5058 3068 5119 ad
3101 5076 3227 5118 rem
3274 5062 3580 5124 nostram,
3612 5059 3754 5112 111111
3769 5049 3906 5111 aliis
3946 5067 4023 5110 ex

2485 5161 2717 5230 causis,
2739 5176 2901 5238 quas
2936 5152 3140 5214 videre
3181 5148 3319 5210 licet
3363 5147 3427 5207 in
3471 5144 3850 5208 Praefatione
3876 5140 4023 5203 tomi

2486 5255 2730 5321 secundi
2759 5246 3302 5315 Ecclesiasticarum
3332 5239 3830 5315 Dissertationum
3852 5237 4026 5302 Prae-

2488 5351 2635 5420 sulis
2659 5344 2900 5426 Josephi
2932 5341 3160 5403 Mariae
3193 5333 3510 5400 Perimezzi
3538 5352 3575 5394 3
3601 5331 3875 5402 Secretis
3880 5348 4022 5392 exa-

2495 5444 2642 5508 mini
2669 5440 3140 5521 Episcoporum,
3169 5445 3230 5495 et
3252 5431 3399 5502 olim
3442 5428 3716 5510 Collegae
3744 5425 3931 5488 nostri
3961 5425 4027 5486 iu
