4487 6316
987 496 1057 560 12

806 637 1095 721 Discipuli
1122 639 1339 704 Christi
1379 641 1619 703 Domini
1650 651 1791 705 tunc
1810 663 1949 704 cum
1965 664 2037 705 60
2059 655 2197 706 sunt
2219 665 2356 706 con·

807 735 1137 815 corporati,
1165 735 1341 816 eiquo
1372 746 1659 817 tanquam
1689 739 1959 800 membra
1978 738 2157 818 capiti
2177 741 2355 821 juxta

810 832 995 893 verba
1026 831 1291 911 Apostoli
1318 831 1738 893 adhaeserunt.

481 956 569 997 cur
614 955 766 996 aom-
927 931 985 986 6.
1027 925 1404 1006 Quapropter
1448 927 1512 987 in
1576 926 1690 990 hac
1743 927 2029 1000 Oratione
2088 927 2353 990 Ecclesia

482 1025 560 1111 22,
583 1010 764 1110 53¹3?
804 1019 1026 1093 Graeca
1058 1021 1132 1082 de
1161 1022 1598 1097 lucarnatione,
1631 1022 1705 1084 de
1738 1022 2081 1096 Nativitate,
2112 1022 2187 1084 de
2213 1023 2352 1085 Pas-

481 1127 769 1184 tummynoei·
808 1116 995 1187 sione,
1027 1116 1101 1177 (16
1132 1115 1604 1190 Resurrectione,
1641 1117 1716 1178 de
1743 1115 2121 1188 Ascensione,
2159 1116 2354 1196 deque

481 1197 767 1292 ,ζῗἭη
809 1209 1067 1290 Spiritus
1092 1209 1159 1270 S.
1193 1209 1453 1271 adventu
1482 1209 1848 1271 mentionem
1874 1210 2035 1271 facit.
2085 1210 2263 1284 Quod
2299 1209 2348 1270 si

480 1297 768 1398 ξξζζνῖξζ
807 1325 967 1365 nunc
996 1306 1262 1365 Romana
1289 1303 1550 1365 Ecclesia
1576 1304 1639 1365 in
1667 1304 1875 1367 eadem
1901 1305 2188 1366 Oratione
2216 1304 2352 1365 Pas-

481 1413 542 1453 a.
813 1397 1040 1459 sionem
1063 1443 1080 1469 ,
1114 1397 1629 1459 Resurrectionem
1653 1442 1670 1471 ,
1711 1406 1772 1458 et
1804 1397 2223 1458 Ascensionem
2256 1417 2350 1457 so-

810 1492 939 1554 lum
967 1499 1423 1564 commemorat,
1454 1490 1518 1551 in
1552 1511 1731 1554 66666
1759 1491 1912 1552 1116(1
1940 1499 2058 1563 661,
2090 1491 2253 1571 quod
2287 1490 2350 1550 in

812 1587 1007 1649 tribus
1047 1586 1209 1647 hisce
1244 1585 1577 1666 mysteriis,
1620 1605 1777 1666 quae
1816 1594 1958 1647 sunt
1995 1586 2350 1667 praecipuae

790 1679 1095 1743 Sacrificii
1129 1686 1327 1759 partes
1342 1724 1359 1753 ,
1390 1679 1613 1760 optime
1642 1687 2120 1760 repraesentatur
2145 1678 2356 1740 immo-

809 1773 955 1836 latio
978 1773 1256 1835 victimae
1281 1780 1342 1833 et
1367 1773 1760 1852 consumptio.

674 1919 684 1931 .
732 1918 765 1959 3·
928 1874 987 1930 7.
1013 1867 1222 1930 Oratio
1241 1866 1472 1948 Suscipe
1487 1866 1705 1929 Sancta
1727 1867 1978 1928 Trinitas
2000 1866 2075 1928 ad
2097 1865 2199 1926 SS.
2226 1865 2357 1927 Tri-

513 1995 524 2019 .
585 1932 775 2073 'meu
814 1962 1063 2025 nitatem
1111 1961 1414 2043 dirigitur.
1478 1961 1752 2035 Quatuor
1800 1960 2015 2041 primis
2060 1959 2356 2021 Ecclesiae

508 2035 768 2143 ‘'¹¹:32'2‘J⁰,m⁸,
815 2057 1065 2119 saeculis
1087 2075 1295 2117 omnes
1327 2055 1641 2117 Orationes
1667 2056 1744 2117 ad
1772 2056 1965 2117 Deum
1995 2054 2234 2116 Patrem
2263 2055 2355 2116 di·

483 2151 554 2194 ⁸⁸¹¹
590 2149 640 2191 ’ὅ
689 2151 767 2189 ¹³⁸·
809 2151 1160 2232 rigebantur
1187 2169 1202 2208 ε
1242 2149 1318 2209 Ut
1346 2151 1413 2209 in
1441 2148 1640 2210 Altari
1668 2170 1878 2228 semper
1902 2149 1979 2209 acl
2010 2147 2242 2208 Patrem
2273 2148 2359 2206 di-

484 2218 588 2307 :an
604 2208 768 2319 ‘3312‘ss
810 2247 1039 2321 riqatar
1051 2241 1277 2311 Oratio:
1302 2244 1488 2305 verba
1504 2242 1902 2304 suntConcilii
1932 2241 2361 2323 Carthaginen-

484 2330 643 2366 “0102-

482 1924 568 1964 Cur

483 1995 512 2036 q
525 1990 581 2019 iat

484 2053 506 2079 ε
556 2037 564 2046 .

484 2095 560 2136 Tri

814 2338 896 2399 sis
921 2337 1106 2399 Tertii
1140 2356 1271 2399 can.
1305 2342 1402 2398 23.
1438 2338 1741 2398 Noverant
1779 2335 2039 2416 profecto
2079 2335 2313 2396 Fideles
2337 2380 2356 2407 ,

816 2433 1053 2494 Patrem
1078 2451 1199 2493 non
1220 2431 1491 2505 adorari,
1516 2431 1665 2511 quin
1696 2430 1887 2491 Filius
1913 2430 2056 2491 item
2075 2430 2360 2491 adoretur

811 2537 871 2589 et
904 2527 1162 2608 Spiritus
1189 2524 1439 2588 Sanctus
1463 2547 1480 2598 3
1507 2526 1609 2587 sed
1640 2525 1811 2607 gravi
1843 2525 2086 2605 quidem
2116 2543 2295 2586 causa
2322 2542 2361 2585 a

814 2621 1195 2684 Sanctissima
1226 2621 1520 2682 Trinitate
1550 2619 1917 2682 nominanda
1942 2618 2355 2692 abstinebant,

817 2716 993 2778 veriti
1034 2719 1354 2796 ne,‘quam
1384 2714 1705 2776 Christiani
1758 2714 2163 2793 reprobabant
2206 2715 2361 2773 Deo-

817 2831 957 2873 rum
992 2809 1474 2881 multitudinem,
1506 2808 1621 2870 sibi
1652 2808 2089 2888 exprobrarent
2122 2807 2164 2867 ii
2207 2806 2313 2886 qui
2341 2852 2358 2879 ‚

816 2904 1004 2966 trium
1036 2904 1434 2965 Personarum
1468 2902 1821 2983 Mysterium
1857 2901 2256 2984 ignorabant,
2293 2908 2363 2962 61

487 3028 574 3067 cm·
589 3020 774 3066 aie-tues
819 3000 972 3061 hene
997 2998 1255 3060 advertit
1279 2997 1495 3059 Florus
1528 2995 1941 3077 Lugdunensis
1980 2996 2253 3056 Tractata
2295 2996 2361 3054 dc

487 3087 535 3127 ¹⁰
577 3081 772 3122 '‘mm'’
812 3097 1026 3156 actione
1054 3093 1288 3156 Missae.
1327 3091 1441 3153 Illo
1468 3099 1669 3153 autem
1695 3091 1931 3153 sublato
1961 3097 2122 3151 metu
2149 3134 2166 3164 ,
2202 3087 2358 3150 nihil

488 3144 705 3242 ἷιέψὲῗ
717 3137 769 3239 116
811 3188 1006 3251 verita
1029 3195 1119 3249 est
1142 3187 1404 3248 Ecclesia
1431 3194 1561 3248 tum
1594 3185 1806 3248 Latina
1831 3232 1848 3258 ‚
1879 3193 2008 3247 tum
2037 3184 2264 3246 Graeca
2293 3183 2357 3243 in

485 3265 655 3355 35‘31‘5·
673 3265 770 3369 1⁸,ss
811 3282 1116 3345 offerendo
1143 3278 1446 3343 Sacrificio
1472 3280 1670 3343 dicere
1705 3279 1937 3359 Suscipe
1975 3277 2193 3339 Sancta
2228 3277 2359 3337 Tri-

486 3369 772 3472 &2⁹25
814 3380 983 3439 nitas.
1005 3379 1076 3438 In
1090 3376 1297 3438 eadem
1312 3375 1598 3437 Oratione
1611 3373 1893 3436 Sacerdos
1913 3372 2360 3435 Sanctissimam

814 3472 1168 3534 Trinitatem
1198 3471 1579 3550 deprecatur,
1613 3469 1980 3531 oblationem
2008 3476 2076 3529 ut
2105 3467 2360 3546 accipiat

816 3568 882 3628 in
924 3567 1213 3628 honorem
1253 3567 1320 3625 B.
1371 3564 1597 3627 Mariae
1636 3563 1907 3645 Virginis
1931 3607 1948 3636 ,
1999 3562 2060 3622 S.
2109 3560 2360 3623 loannis

819 3659 1117 3743 Baptistae
1139 3703 1156 3732 ,
1209 3658 1562 3723 Sanctorum
1617 3656 2037 3736 Apostolorum
2089 3654 2250 3716 Petri
2298 3662 2360 3716 et

815 3752 986 3814 Pauli
1014 3799 1031 3825 ‚
1064 3752 1419 3814 Sanctorum
1447 3752 1707 3831 quorum
1738 3748 2052 3829 Reliquiae
2085 3748 2359 3811 conditae

812 3854 955 3908 sunt
980 3846 1042 3911 in
1075 3845 1291 3918 Altari,
1321 3852 1382 3907 et
1394 3843 1674 3921 omnium
1693 3842 1954 3906 aliorum
1977 3844 2354 3914 Sanctorum,

812 3950 880 4000 ut
925 3941 1046 4005 illis
1084 3939 1345 4020 proficiat
1387 3939 1463 3998 ad
1502 3939 1760 3997 honorem
1786 3985 1802 4006 ,
1842 3937 1999 3996 nobis
2058 3946 2246 3996 autem
2283 3935 2360 3996 ad

809 4036 1081 4102 salutem,-
1109 4030 1407 4113 quid'quid
1434 4030 1597 4091 enim
1623 4029 1870 4090 honoris
1894 4036 1956 4090 et
1973 4027 2201 4110 gloriae
2223 4027 2358 4088 ade·

811 4128 900 4209 pti
930 4136 1071 4190 sunt
1108 4125 1307 4189 Sancti
1337 4171 1354 4197 ‚
1393 4124 1454 4185 id
1482 4144 1660 4185 omne
1700 4124 1759 4185 vi
1808 4122 2094 4184 Sacrificii
2134 4120 2355 4183 Christi

810 4230 954 4303 sun-t
976 4220 1358 4301 consequuti,
1388 4226 1447 4279 et
1473 4217 1689 4279 Christi
1715 4217 1909 4278 honor
1936 4226 1995 4278 et
2025 4215 2217 4298 gloria
2245 4214 2357 4275 dif-

811 4316 1087 4385 funditur
1120 4316 1185 4376 in
1219 4315 1464 4383 Sanctos
1486 4354 1505 4385 ,·
1534 4312 1640 4392 qui
1672 4321 1812 4372 sunt
1847 4310 2117 4371 membra
2145 4309 2357 4370 viven-

814 4410 1063 4471 tiacum
1102 4429 1175 4471 60
1217 4407 1402 4469 veluti
1434 4425 1572 4468 cum
1612 4404 1804 4483 capite
1842 4404 2203 4484 conjuncta3
2249 4421 2358 4462 1166

811 4503 1136 4583 quisquam
1191 4501 1531 4563 Catholicus
1580 4497 1931 4580 negaverit,
1985 4494 2358 4557 Sacrificium

807 4598 1025 4662 Missae
1055 4597 1381 4659 maximam
1406 4596 1545 4656 Jesu
1568 4593 1804 4655 Christo
1835 4594 2045 4672 parere
2072 4588 2351 4672 gloriam,

807 4699 880 4753 ut
904 4691 1146 4753 abunde
1173 4691 1361 4752 nostri
1389 4689 1711 4751 ostendunt
1734 4684 2019 4767 Theologi
2047 4729 2064 4757 ,
2096 4702 2357 4763 quorum

808 4786 1144 4848 doctrinam
1171 4803 1207 4846 a
1235 4785 1407 4845 nobis
1426 4784 1526 4844 hi'c
1551 4784 1615 4849 in
1637 4779 2056 4861 compendium
2076 4777 2356 4839 collatam

805 4879 936 4940 fuse
969 4876 1292 4958 explicavit
1336 4878 1560 4959 Pouget
1594 4876 1788 4937 Instit.
1839 4871 2197 4935 Catholicar.
2247 4870 2358 4931 106.

804 4973 905 5034 611.
943 4991 1078 5053 pag.
1112 4974 1251 5032 816.
1282 4980 1342 5030 61
1368 4988 1494 5050 seq.
1526 4977 1588 5030 61
1616 4970 1699 5030 Le
1728 4970 1894 5028 Brun
1930 4974 2075 5028 tom.
2120 4969 2175 5025 1.
2213 4983 2353 5046 pag.

811 5072 945 5129 158.
982 5075 1041 5126 et
1066 5084 1190 5146 seq.

692 5216 703 5227 .
922 5166 981 5222 8.
1025 5159 1165 5220 Post
1203 5156 1490 5219 Oratione
1521 5153 1754 5235 Suscipe
1795 5153 2013 5216 Sancta
2059 5153 2310 5213 Trinitas
2337 5199 2354 5224 ‚

471 5221 554 5324 Rs,
585 5217 755 5317 03ξῇ
797 5254 1087 5317 Sacerdos
1108 5251 1413 5314 osculatur
1439 5249 1666 5322 Altare,
1699 5257 1761 5311 61
1785 5248 1861 5310 ad
1895 5247 2191 5328 Populum
2212 5266 2356 5307 con-

469 5335 653 5374 fn'm‘
801 5367 1012 5411 versus
1054 5345 1200 5407 dicit
1244 5341 1420 5405 Orate
1462 5342 1691 5404 Fratres
1723 5389 1738 5413 ‚
1788 5348 1850 5402 et
1877 5340 2171 5402 submissa
2214 5359 2359 5401 voce

802 5440 1185 5524 prosequitur
1212 5484 1230 5511 ,
1275 5447 1341 5497 at
1374 5457 1556 5498 meum
1602 5456 1668 5498 ac
1712 5445 1956 5496 vestram
1996 5433 2360 5515 Sacrificium

1886 502 1971 552 DE
2011 495 2495 556 sAcnosANC'ro
2535 502 2747 555 MlSSAE
2788 500 3165 555 sACmFlcto

2464 647 2793 725 acceptabile
2835 646 2938 727 fiat
2981 646 3135 723 apud
3162 644 3345 705 Deum
3375 643 3606 706 Patrem
3652 643 4015 725 Omnipoten-

2467 753 2592 801 tem.
2631 741 2764 801 Non
2790 738 3050 801 absimili
3083 739 3368 800 Oratione
3398 738 3712 819 respondet
3742 739 4015 800 Minister

2464 837 2656 897 Deum
2705 836 3029 915 deprecans
3053 880 3070 906 ‚
3115 841 3186 895 ut
3213 832 3585 894 Sacrificium
3628 833 3908 914 suscipiat
3935 833 4013 894 ad

2464 929 2703 992 laudem
2729 939 2789 992 et
2816 929 3106 991 honorem
3125 928 3385 989 nominis
3414 928 3531 1000 sui,
3560 936 3620 990 61
3646 930 3722 991 ad
3749 937 4014 990 nostram

2462 1031 2523 1085 et
2549 1022 2845 1086 Ecclesiae
2888 1023 3204 1084 universae
3244 1021 3583 1083 utilitatem.
3632 1022 3862 1085 Deinde
3905 1023 4013 1083 Sa-

2461 1118 2666 1179 cerdos
2685 1118 2748 1178 in
2772 1137 2990 1200 gyrum
3012 1116 3267 1179 vertitur
3287 1116 3363 1178 ad
3388 1136 3520 1179 eam
3541 1125 3770 1197 partem
3794 1116 3900 1177 ubi
3927 1123 4016 1178 est

2461 1212 2700 1273 Missale
2726 1232 2742 1283 ς
2779 1212 2862 1273 116
2882 1218 2952 1272 111
2971 1208 3265 1276 6116616111
3287 1210 3622 1282 describat,
3647 1217 3705 1270 et
3729 1210 3792 1270 in
3818 1209 4015 1270 medio

2462 1306 2652 1367 Altari
2686 1313 2993 1367 remaneat
3018 1350 3035 1379 ,
3065 1324 3134 1366 ac
3160 1303 3454 1365 submissa
3478 1324 3620 1364 voce
3650 1303 3795 1364 dicit
3813 1302 4008 1374 Amen.

2461 1398 2716 1461 subinde
2744 1399 2891 1460 dicit
2918 1397 3154 1458 Oremas
3183 1445 3196 1467 ,
3239 1405 3300 1457 61
3339 1396 3656 1458 Orationes
3699 1396 4012 1477 prosequi-

2462 1500 2563 1554 tur
2586 1537 2603 1564 ,
2636 1511 2793 1572 quae
2818 1491 3101 1553 dicuntur
3130 1489 3404 1551 Secretae.

2580 1593 2636 1647 9.
2673 1587 2765 1648 Ad
2794 1587 2900 1648 illa
2922 1586 3129 1659 verba,
3166 1583 3342 1646 Orate
3372 1584 3619 1654 Fratres,
3653 1583 4009 1657 notandum,

2462 1680 2830 1742 Christianos
2871 1679 3016 1741 olim
3062 1679 3319 1741 invicem
3363 1699 3425 1740 se
3465 1678 3679 1740 fratres
3707 1677 4010 1758 appellare

2460 1775 2850 1837 consuevisse.
2885 1773 3044 1849 Quia
3062 1793 3206 1834 vero
3233 1773 3497 1845 Ethnici,
3523 1781 3592 1834 61
3614 1793 3849 1834 morum
3870 1793 4010 1833 suo·

2462 1887 2599 1928 rum
2628 1875 2892 1950 tegerent
2921 1867 3261 1928 foeditatem
3288 1912 3305 1939 ,
3348 1867 3531 1928 sacris
3556 1867 3718 1927 hisce
3748 1866 4010 1938 nomini-

2462 1963 2575 2024 bus
2608 1963 3034 2034 abutebantur,
3062 1961 3281 2022 idcirco
3311 1961 3602 2023 Caecilius
3623 1962 3784 2042 apud
3808 1961 4011 2022 Minu-

2462 2058 2623 2120 cium
2667 2057 2925 2119 Felicem
2955 2056 3310 2118 Christianis
3334 2075 3405 2122 ea
3431 2055 3678 2130 nomina
3710 2055 3915 2117 fratris
3955 2064 4017 2119 et

2463 2151 2685 2213 sororis
2701 2149 3080 2230 exprobavit,
3104 2151 3275 2230 quasi
3297 2157 3650 2232 argumenta
3670 2158 3863 2213 essent
3886 2169 4020 2229 pro-

2466 2252 2684 2305 stratae
2704 2243 2864 2323 apud
2887 2243 3256 2306 Christianos
3279 2244 3475 2324 pudici
3485 2244 3620 2316 tiae,
3633 2243 3729 2305 cui
3755 2243 3829 2305 ad
3855 2243 4019 2305 hunc

2467 2338 2710 2404 modum
2742 2337 3048 2418 respondit
3073 2337 3355 2399 Octavius
3383 2358 3398 2397 z
3433 2336 3535 2398 Sic
3563 2357 3662 2398 nos
3692 2338 3839 2416 qaod
3866 2338 4018 2396 invi-

2468 2435 2606 2494 detis
2635 2432 2859 2494 Fratres
2883 2453 3137 2494 vocamus
3166 2480 3182 2503 ,
3213 2443 3277 2492 ut
3305 2435 3476 2491 unias
3506 2431 3613 2491 Dei
3641 2432 3888 2510 parentis
3918 2432 4020 2489 ho-

2467 2529 2641 2587 mines
2666 2576 2682 2597 ,
2710 2538 2774 2586 ut
2805 2537 3074 2587 consortes
3104 2525 3261 2586 Fidei
3289 2573 3304 2595 ,
3336 2537 3402 2585 ut
3433 2527 3550 2605 spei
3569 2525 3867 2584 coheredes.
3905 2524 4019 2584 Le-

2467 2621 2697 2701 gendus
2720 2619 3074 2681 Kortholtus
3100 2619 3164 2679 in
3188 2625 3441 2680 tractatu
3462 2618 3527 2677 de
3550 2616 3870 2678 Calumniis
3894 2614 4018 2677 Pa·-

2465 2734 2742 2794 qanorum
2771 2715 2834 2772 in
2863 2724 3062 2773 veteres
3096 2711 3446 2773 Christianos
3471 2712 3681 2790 sparsis
3711 2728 3846 2790 pag.
3877 2713 4011 2770 168.

2468 2808 2575 2869 6111
2602 2807 2837 2870 erudite
2856 2808 2969 2869 hoc
2992 2814 3204 2869 tractat
3221 2812 3663 2889 argumentum.
3687 2804 3838 2865 Eam
3860 2804 4015 2866 Ora-

2470 2903 2694 2965 tionem
2719 2949 2737 2976 ,
2787 2900 2962 2964 Orate
3005 2902 3232 2968 Fratres
3260 2949 3276 2972 ,
3327 2899 3681 2979 Radulphus
3716 2897 4012 2978 Proposit.

2468 3002 2565 3059 23.
2601 2998 2662 3058 S.
2699 2996 2883 3058 Leoni
2921 2997 2970 3065 1.
3021 2995 3276 3068 tribuit;
3307 2993 3471 3074 quod
3503 2991 3748 3096 admitti
3780 2999 4013 3071 potest,

2466 3090 2516 3151 si
2544 3090 2619 3152 de
2643 3090 2970 3152 verborum
2997 3088 3276 3169 loquitur·
3294 3086 3518 3158 forma,
3540 3104 3662 3166 qua
3691 3084 3869 3148 hodie
3896 3083 4017 3144 uti-

2470 3203 2650 3258 mur,
2684 3203 2824 3246 nam
2858 3183 3038 3245 totius
3067 3181 3394 3257 sententiae
3421 3172 3755 3241 substantia
3791 3177 4017 3258 reperi-

2470 3277 2654 3339 turin
2683 3276 2971 3359 Liturgiis
2995 3275 3351 3337 Sanctorum
3381 3273 3567 3335 Marci
3598 3280 3660 3334 et
3678 3271 3883 3333 Jacobi
3901 3316 3918 3342 ,
3951 3279 4021 3332 ut

2469 3370 2728 3431 advertit
2776 3370 3040 3431 Meratus
3087 3376 3231 3429 tom.
3285 3371 3339 3428 1.
3395 3386 3525 3446 par.
3584 3369 3638 3426 1.
3689 3384 3824 3447 pag.
3875 3370 4012 3425 500.

2471 3484 2532 3524 n.
2568 3469 2664 3525 31.
3819 3466 3820 3471 ’

2591 3563 2683 3619 10.
2714 3556 3029 3619 Orationes
3049 3561 3306 3619 secretae
3332 3552 3396 3613 in
3420 3551 3782 3632 quibusdam
3814 3551 4018 3613 Missa-

2469 3650 2628 3712 libus
2663 3650 3042 3731 appellantur
3089 3647 3386 3707 Orationes
3411 3647 3576 3725 super
3620 3643 3848 3707 Oblata.
3895 3646 4013 3706 Diu

2468 3753 2666 3806 tamen
2694 3753 2783 3806 est
2801 3789 2818 3818 ,
2847 3763 2985 3805 cum
3012 3748 3300 3803 vocantur
3329 3739 3584 3801 Secretae
3611 3788 3626 3810 ,
3661 3749 3728 3802 ut
3748 3759 3784 3802 a
3809 3740 4017 3802 ceteris

2464 3839 2853 3901 Orationibus
2878 3837 3345 3916 distinguantur,
3379 3854 3536 3914 quae
3558 3833 3843 3907 dicendae
3869 3844 4010 3897 sunt

2464 3934 2624 3994 clara
2656 3952 2776 3992 voce
2803 3933 2887 3991 ita
2915 3930 3267 3989 att-clientibus
3297 3928 3707 3988 accommodata
3731 3975 3745 3997 ,
3778 3939 3842 3987 ut
3874 3948 4016 4006 quae

2470 4027 2730 4103 leqantar
2761 4071 2777 4093 ,
2823 4024 3168 4101 intelliqant.
3216 4019 3486 4083 Secretae
3514 4019 3675 4081 enim
3720 4020 4015 4081 submissa

2466 4138 2610 4180 voce
2639 4137 2675 4179 a
2703 4116 3016 4178 Sacerdote
3060 4123 3201 4177 sunt
3228 4115 3564 4177 recitandae
3591 4134 3607 4174 ε
3656 4113 3816 4189 Quae
3843 4134 4017 4174 secre-

2468 4222 2522 4271 to
2549 4210 2783 4270 dicenda
2808 4219 2939 4269 sunt
2966 4256 2983 4280 ,
3032 4209 3120 4269 ita
3140 4196 3507 4288 pronuntiet,
3539 4217 3603 4266 ut
3633 4218 3685 4266 et
3718 4209 3937 4287 ipsemet
3963 4226 4018 4267 se

2468 4307 2708 4374 audiat,
2736 4314 2786 4363 et
2816 4324 2852 4364 a
2883 4304 3369 4363 circumstantibus
3396 4322 3509 4361 non
3531 4302 3805 4361 audiatur
3826 4321 3848 4367 ,·
3879 4318 4014 4359 ver-

2469 4399 2546 4460 ba
2566 4405 2707 4458 sunt
2729 4394 3026 4457 Rubricae
3051 4395 3113 4455 in
3140 4393 3364 4456 Missali
3396 4396 3683 4455 Romano.
3703 4392 4017 4452 Bossuetus

2467 4491 2531 4552 in
2554 4490 2831 4570 explicat.
2859 4489 3259 4569 quarumdam
3279 4486 3635 4549 Orationum
3654 4477 3867 4545 Missae
3880 4503 4010 4563 cap.

2467 4590 2525 4647 2.
2563 4585 2751 4667 magis
2781 4592 2850 4645 ut
2890 4582 3039 4663 quid
3068 4582 3468 4662 suspicaretur
3495 4578 3755 4658 aperiret
3781 4623 3798 4650 ,
3831 4597 4017 4657 quam

2469 4678 2631 4758 quod
2679 4677 2763 4757 ita
2805 4676 3176 4737 existimaret
3201 4719 3218 4745 ,
3266 4671 3501 4752 scripsit
3540 4691 3745 4732 vocem
3791 4670 4020 4732 Secreta

2469 4770 2628 4833 idem
2655 4790 2781 4831 esse
2802 4789 2872 4830 ac
2897 4768 3162 4829 Secrctio.
3196 4765 3350 4827 Satis
3372 4765 3434 4826 id
3456 4763 4017 4838 1611Νον610111166,

2467 4884 2589 4945 quo
2631 4862 3115 4942 111616111161661,
3162 4868 3222 4922 et
3260 4859 3545 4946 adversus
3580 4857 4021 4939 apertissimum

2467 4957 2825 5020 Tridentinii
2854 4955 3105 5018 Concilii
3151 4956 3466 5015 Decretum
3494 4959 3864 5025 statuerent,
3912 4953 4020 5013 Se-

2467 5061 2658 5114 cretas
2686 5059 2745 5112 et
2773 5052 3075 5112 Canonem
3102 5047 3315 5108 Missae
3340 5047 3496 5108 elata
3525 5066 3650 5108 esse
3678 5066 3822 5108 voce
3867 5046 4019 5107 reci-

2471 5147 2670 5208 tanda.
2707 5145 2822 5207 Sed
2855 5143 2968 5206 hac
2991 5144 3065 5205 de
3093 5163 3158 5204 re
3188 5141 3439 5202 inferius
3467 5160 3801 5203 sermonem
3830 5139 4018 5203 hahe-

2469 5240 2689 5303 bimus.

2589 5338 2683 5413 11.
2720 5332 2890 5406 Quae
2932 5330 3011 5392 sit
3036 5328 3330 5392 Ecclesiae
3358 5348 3525 5391 mens
3554 5328 3618 5389 in
3653 5326 3748 5388 his
3774 5327 4015 5389 Oratio-
4057 5327 4114 5355 ⁸⁸⁸

2472 5428 2651 5490 nibus
2676 5472 2700 5501 ,
2737 5424 2945 5508 pulcre
2973 5426 3308 5488 declaratur
3334 5423 3399 5501 in
3429 5424 3665 5486 Secreta
3693 5422 3908 5484 Missae
3952 5421 4019 5483 in

4116 1593 4354 1639 Christiani

4054 1657 4206 1694 veteres
4237 1657 4354 1696 Fra-

4052 1824 4115 1863 tio
4135 1822 4205 1864 illa
4224 1851 4240 1875 ‚
4258 1825 4353 1866 ul·

4052 1887 4135 1921 tem
4146 1880 4354 1935 «jussub-

4052 1945 4208 1979 stantia
4281 1945 4355 1982 est

4052 1995 4099 2036 8.
4129 1996 4285 2039 Leonis
4304 1998 4351 2040 1.

4058 3567 4124 3608 De
4172 3566 4349 3611 Oratio—

4057 3622 4177 3665 nibus
4239 3638 4354 3680 quac

4054 3680 4247 3721 docuntur
4271 3685 4354 3723 Se-

4059 3748 4209 3779 cretae.
4259 3741 4351 3780 Ra—

4059 3794 4116 3835 tio
4144 3794 4234 3849 ejus
4269 3808 4355 3839 110-

4051 3852 4190 3895 minis.

4060 5258 4180 5300 Meas
4199 5262 4356 5304 Eccle-

4118 5329 4141 5355 1·
4160 5331 4200 5356 111
4238 5321 4356 5361 orn·

4058 5372 4236 5416 uon-tm
4286 5392 4359 5420 κ-

4059 5438 4193 5471 mus.
