4487 6316
1790 503 1913 557 hm.
1951 493 2016 560 11.
2057 503 2195 557 CM).
2234 504 2368 566 ΧΠ.

127 645 382 692 &essessa
412 681 427 703 ‚
468 641 661 704 L'evit.
689 660 818 723 cap.
845 646 905 704 2.
933 643 1163 719 Quarto
1182 644 1443 731 denique
1461 646 1850 722 sacrificia,in
1878 651 2011 728 qui-

127 718 216 760 quo
272 716 374 748 mxl
405 728 425 738 ·

3388 509 3487 559 1οῗ

2112 646 2601 710 ‘Patriarsharum
2617 697 2632 720 ,
2665 660 2730 710 at
2757 652 2888 711 dixi
2904 698 2919 721 ,
2951 652 3035 711 vel
3062 668 3137 711 ex
3162 652 3461 713 ambitione
3487 653 3666 712 'nalo-

127 759 254 803 bamr
310 722 427 806 νήει...
468 734 581 795 bus
602 735 810 796 vivum
826 737 1055 799 animal
1084 739 1479 815 mactabatur,
1510 741 1850 823 symbolum
1874 742 2018 804 fuis-
2120 761 2252 802 ram
2283 741 2650 822 Anqelorum,
2681 747 2783 823 qai
2799 745 3035 810 Divinos
3063 746 3289 806 honores
3309 747 3418 805 sibi
3438 765 3670 824 arr-oya-

129 831 226 916 ffig
243 820 427 920 &⁰222
467 846 531 889 se
555 827 842 890 Sacrificii
873 875 889 903 ,
923 833 1082 910 quod
1111 834 1515 913 peragendum
1541 845 1671 896 erat
1703 836 1765 902 iu
1798 836 2011 899 Calva-

127 930 426 1001 eeittesiinc217
465 920 559 981 rio
584 966 600 994 ,
629 929 688 982 et
734 922 1057 1004 Sanguinis
1082 926 1347 999 Christi,
1381 928 1503 1006 qui.
1545 929 1610 988 in
1651 929 1838 998 Cruce
1881 939 2012 992 erat

128 1001 244 1033 '⁸⁰⁰
258 1000 428 1049 “⁸²²'‘
467 1015 862 1080 effundendus
891 1063 908 1091 ,
952 1025 1022 1080 ut
1058 1040 1247 1100 genus
1304 1021 1641 1102 humanum
1690 1024 2011 1090 redimere-

464 1115 586 1182 tur3
621 1111 1007 1193 ejusdemque
1020 1113 1308 1196 Sacrificii
1333 1115 1520 1198 fuisse
1536 1117 1812 1199 symbola
1833 1119 2014 1181 etiam

460 1222 558 1264 res
583 1205 919 1280 inanimas;
954 1228 1095 1271 nam
1117 1230 1256 1276 cum
1279 1211 1492 1273 saltem
1519 1212 1724 1292 aliqua
1748 1233 1825 1274 ex
1869 1234 2009 1294 par-

465 1304 525 1358 te
546 1298 1016 1375 destruerentur,
1042 1301 1238 1384 figura
1258 1304 1390 1386 ejus
1404 1305 1612 1367 mortis
1637 1315 1830 1381 erant,
1858 1327 2015 1387 quae

466 1389 704 1454 Christo
744 1394 940 1456 fuerat
993 1398 1306 1460 subeunda
1331 1445 1348 1473 ,
1403 1408 1474 1461 ut
1523 1401 1675 1461 bene
1727 1402 2010 1464 observat

468 1486 659 1568 Lamy
689 1486 796 1548 lib.
843 1495 899 1550 3.
948 1490 1022 1552 de
1044 1493 1229 1553 veteri
1264 1493 1510 1573 Templo
1532 1514 1662 1576 cap.
1692 1501 1749 1556 7.
1778 1503 2004 1557 sect-5.

133 1620 227 1660 ,ω
243 1622 427 1657 mm,
587 1585 680 1642 14.
709 1565 1037 1662 spencerus
1058 1585 1391 1648 haereticus
1411 1596 1639 1661 auctor,
1685 1608 2011 1670 rerumque

133 1674 282 1717 “¹¹¹⁰
344 1673 435 1740 ⁸⁰?-
476 1693 770 1736 novarum
820 1679 1072 1758 cupidus
1121 1681 1425 1743 contendit
1451 1728 1468 1756 ,
1523 1702 1561 1744 a
1612 1683 1903 1745 Gentibus
1924 1686 2011 1747 ad

133 1730 431 1830 {³⁸2¹ssssoess
472 1768 778 1831 Hebraeos
807 1790 1035 1835 morem
1080 1767 1383 1837 transiisse
1422 1777 1777 1838 animalium
1813 1778 1873 1838 in
1901 1780 2008 1841 Dei

130 1858 215 1944 ἔξ
237 1844 428 1942 ’,ξ’ᾞξζ
469 1861 760 1924 honorem
798 1867 1249 1929 mactandorum
1281 1888 1461 1948 quem
1507 1867 1717 1934 ludaei
1750 1873 1829 1933 ab
1857 1873 2012 1955 Egy-

128 1958 260 2060 m
320 1956 429 2000 ‘¹⁸⁸⁴-
470 1956 610 2036 ptiis
635 1960 1008 2039 acceperint,
1040 1981 1297 2043 eumque
1333 1983 1505 2026 usum
1535 1966 1749 2028 deinde
1774 1968 1851 2040 in
1888 1968 2010 2028 He-

472 2050 792 2114 braeorum
821 2055 1147 2134 Republica
1170 2076 1204 2118 a
1242 2060 1364 2119 Deo
1387 2080 1511 2121 esse
1549 2060 2003 2132 sanctificatum.

466 2143 535 2206 Id
566 2153 766 2207 autem
806 2167 842 2210 a
888 2168 1033 2210 vero
1069 2170 1253 2230 quam
1286 2153 1630 2235 longissime
1672 2156 1858 2217 abest.
1901 2157 2013 2218 Ne-

463 2256 584 2318 que
611 2240 772 2301 enim
798 2242 1126 2305 verisimile
1152 2245 1223 2308 tit
1248 2248 1439 2309 Deum
1463 2294 1480 2321 ,
1525 2249 1630 2328 qui
1668 2249 1729 2310 in
1780 2250 2006 2331 Populo

459 2333 708 2396 ludaico
738 2337 1061 2400 solemnem
1104 2341 1216 2401 sibi
1250 2342 1479 2404 cultum
1514 2344 1696 2406 vellet
1740 2345 2009 2408 institue-

462 2447 566 2503 re,
599 2449 735 2491 eum
782 2432 976 2511 ipsum
1011 2434 1285 2516 selegisse
1309 2483 1326 2511 ,
1367 2449 1546 2517 quem
1588 2440 1828 2522 Egyptii
1874 2440 2007 2503 ina-

461 2523 642 2590 nibus
678 2525 803 2586 suis
844 2525 1212 2591 Numinibus
1256 2532 1643 2596 exhibebant.
1688 2535 2006 2599 Praeterea

464 2616 654 2677 multo
683 2627 823 2680 sunt
844 2621 1118 2703 Egyptiis
1158 2625 1481 2688 vetustiora
1518 2627 1872 2700 Sacrificia3
1909 2649 2006 2692 sa-

460 2710 756 2774 criticasse
785 2715 953 2775 enim
975 2717 1252 2779 novimus
1297 2719 1472 2792 Abel,
1499 2721 1644 2794 Noe,
1678 2722 2007 2800 Abraham,

463 2805 895 2869 Melchisedech
920 2855 937 2882 ,
969 2818 1028 2872 et
1064 2812 1180 2871 Job
1203 2857 1220 2885 ,
1246 2833 1511 2893 quorum
1543 2815 1845 2878 Sacrificia
1866 2806 2008 2880 'Deo

460 2897 755 2978 placuere.
792 2902 924 2964 Huc
953 2906 1211 2977 accedit,
1249 2907 1611 2969 Graecorum
1644 2910 1888 2972 Pati-um
1923 2908 2033 2974 ’θῦμ’

462 2993 910 3056 sesententiam
937 3042 952 3069 ‚
984 2997 1089 3059 illa
1114 2998 1407 3062 sacrificia
1433 3021 1505 3062 eo
1531 3020 1657 3064 esse
1686 3003 1957 3066 instituta
1982 3051 2001 3081 ,

457 3093 527 3146 ut
570 3086 793 3149 Christi
830 3100 1078 3152 mortem
1128 3092 1604 3175 praefigurarent
1629 3141 1646 3170 ,
1679 3111 2009 3179 eorumque

462 3179 637 3241 Ritus
662 3202 719 3261 ‚a
755 3185 879 3246 Deo
911 3205 1036 3247 esse
1083 3188 1474 3269 praescriptos
1496 3236 1513 3264 ,
1562 3193 1722 3271 quod
1764 3193 2007 3272 quidem

461 3275 622 3335 Deus
668 3296 788 3338 non
838 3270 1068 3342 fecisset
1092 3327 1108 3353 ,
1138 3282 1188 3342 si
1227 3303 1301 3345 ex
1350 3284 1588 3365 impuro
1633 3287 2010 3349 Daemonum

460 3369 629 3432 fonte
655 3371 973 3435 traxissent
1001 3376 1317 3457 originem.
1414 3376 1417 3379 ’
1691 3416 1698 3424 ·

124 3494 423 3541 „mamm
586 3470 679 3525 15.
735 3465 1146 3531 Consulendus
1195 3472 1422 3533 Natalis
1458 3473 1805 3536 'Alexander
1851 3475 2005 3536 nist.

124 3553 284 3669 522⁸
302 3558 425 3655 ffi
464 3558 623 3620 Eocl.
653 3567 794 3620 tom.
832 3566 884 3621 1.
920 3563 981 3622 in
1006 3564 1272 3627 Historia
1298 3575 1480 3628 veter.
1513 3569 1767 3630 Testam.
1799 3578 1913 3631 art.
1945 3575 2003 3631 2.

125 3669 431 3726 nunu-aspra·-
467 3661 529 3714 et
563 3654 962 3717 Gravesonius
1012 3658 1236 3720 Hister.
1268 3669 1452 3722 veter.
1484 3664 1739 3725 Testam.
1777 3671 1899 3724 tom
1944 3669 2002 3724 2.

124 3723 425 3827 ffissdss,
469 3767 604 3829 pag.
640 3754 775 3810 313.
815 3757 1022 3831 etseq.
1069 3754 1278 3833 Itaque
1310 3755 1625 3816 dicendum
1652 3802 1669 3829 ,
1702 3757 1874 3817 Ritus
1905 3758 2011 3820 Sa-

125 3847 253 3896 nau,
308 3841 427 3942 1ᾶὲ
466 3842 831 3903 criticierum
857 3846 935 3905 ab
960 3842 1033 3907 iis
1053 3848 1356 3909 veteribus
1379 3849 1688 3929 Prophetis
1716 3870 2005 3926 manasse,

124 3906 423 4005 {2¹:⁸22oe
468 3936 690 4016 quibus
721 3937 923 3999 futura
950 3940 1169 4001 Christi
1202 3961 1371 4004 mors
1395 3944 1822 4022 praenunciata
1852 3945 2005 4018 fuit;

126 4018 430 4114 ¹3:⁸⁸⁰*
467 4032 549 4092 ab
578 4031 650 4092 iis
679 4032 1119 4107 Sacrificiorum
1149 4055 1324 4096 usum
1350 4037 1565 4098 Gentes
1597 4039 1920 4118 accepisse,
1950 4047 2010 4100 et

144 4156 147 4159 ·
467 4124 794 4206 Religionis
836 4127 914 4188 ab
949 4126 1139 4187 Adam
1167 4174 1183 4199 ,
1240 4128 1430 4202 Abel,
1475 4138 1535 4190 et
1581 4130 1706 4192 Noe
1754 4132 2008 4193 traditae

460 4217 677 4279 oblitas
703 4260 719 4291 ,
761 4219 1062 4281 Sacrificia
1097 4221 1286 4282 foedis
1325 4224 1846 4302 superstitionibus
1873 4245 2006 4287 cor-

460 4312 690 4391 rupisse
717 4334 734 4386 3
766 4313 893 4393 ipsa
925 4315 1341 4377 Hebraeorum
1358 4316 1648 4387 sacrificia
1674 4321 1863 4381 Deum
1890 4321 2004 4389 ali-

456 4406 701 4484 quando
748 4426 874 4468 esse
921 4415 1344 4488 aspernatum,
1395 4410 1601 4488 quod',
1654 4420 1722 4471 ut
1747 4411 2004 4474 habetur

463 4490 681 4560 Psalm.
711 4502 807 4561 49.
833 4508 892 4562 et
916 4501 1106 4563 Isaiae
1135 4500 1267 4582 capss
1305 4508 1358 4562 1.
1392 4522 1511 4563 non
1537 4522 1640 4576 eo,
1677 4523 1799 4583 quo
1827 4505 1999 4586 opor·

466 4599 648 4665 teret,
676 4594 1034 4673 respicerent
1060 4641 1077 4669 ,
1110 4595 1332 4675 scilicet
1356 4596 1443 4658 ad.
1457 4596 1782 4682 Christum,
1810 4608 1882 4660 ut
1908 4601 2009 4661 be-

467 4706 546 4749 ne
571 4687 728 4748 idem
760 4690 948 4770 10amy
973 4698 1110 4751 sect.
1149 4694 1207 4751 4.
1243 4690 1429 4769 lyitar
1454 4711 1619 4752 asam
1642 4703 1692 4751 et
1722 4694 1869 4752 ritas
1900 4691 2010 4754 Sa·-

465 4783 806 4862 erificiorum
835 4784 1007 4860 liquet
1034 4769 1284 4844 ”sanasse
1324 4785 1396 4845 ab
1425 4786 1676 4863 antiquis
1716 4787 1835 4845 illis
1863 4786 2009 4847 Pro-

464 4875 646 4954 phetis
673 4922 688 4945 ‚
722 4877 922 4953 quibas
968 4894 1115 4935 ”sors
1152 4877 1353 4955 futura
1405 4876 1624 4936 Christi
1662 4880 2011 4967 innotuerat.¹

468 4966 607 5028 Inde
652 4989 833 5029 omnes
869 4967 1068 5030 Gentes
1100 4981 1287 5030 ortam
1309 4986 1475 5030 saum
1506 4981 1559 5031 et
1586 4970 2011 5053 Sacrificiorum

470 5060 606 5138 leqes
631 5073 956 5141 aeceperunt
982 5110 997 5133 ,
1026 5083 1167 5142 qaas
1189 5075 1375 5142 postea
1404 5075 1774 5144 corruperant
1807 5068 2012 5127 oblitae

464 5156 775 5239 reliqionis,
803 5177 975 5235 quam
1002 5159 1354 5218 tradiderant
1380 5157 1655 5226 Adamas,
1680 5157 1840 5228 Aba,
1864 5158 2004 5220 Noe.

467 5246 641 5308 Hanc
665 5261 892 5310 mortem
929 5253 1280 5313 delineabant
1327 5254 1668 5313 animalium
1688 5253 1877 5313 caedes
1895 5299 1912 5323 ,
1942 5264 2007 5312 at

466 5360 651 5400 oannes
682 5345 913 5421 antiqui
942 5343 1256 5423 Scriptores
1302 5348 1552 5405 sentiunt
1578 5388 1594 5404 .
1624 5388 1640 5404 .
1676 5387 1691 5404 .
1722 5386 1740 5404 .
1773 5344 2011 5426 Sacrifi-

469 5435 639 5493 eamtc·
665 5436 835 5497 Ritus
859 5440 1007 5497 incer
1036 5436 1236 5499 Gmm
1277 5450 1448 5499 natus
1473 5450 1552 5499 est
1596 5458 1669 5500 ex
1694 5440 2010 5500 istilatione

2120 835 2278 896 bant.
2314 835 2460 896 Cam
2485 850 2673 900 autem
2694 859 2792 899 nec
2818 842 2928 919 ipsi
2949 839 3238 900 Israelitae
3264 840 3326 899 id
3345 841 3484 900 satis
3505 839 3668 898 intel-

2120 928 2352 1005 liqerent
2377 977 2391 999 ,
2426 930 2575 990 Deus
2601 934 2750 1010 visas
2767 944 2842 992 est
2865 933 3146 1014 sacrificia
3171 951 3361 993 eoram
3388 951 3664 1011 respuere·

2117 1023 2210 1081 sed
2253 1043 2369 1082 non
2405 1024 2514 1083 sibi
2559 1036 2871 1096 constaret,
2923 1029 3270 1107 praecipiens
3333 1027 3665 1104 sinqulatim

2119 1133 2261 1192 quae
2288 1118 2362 1176 ad
2386 1115 2687 1198 Sacrificio
2709 1122 3024 1199 pertinent,
3050 1122 3223 1179 simul
3251 1139 3317 1180 ea
3351 1120 3665 1198 fastidiens,

2117 1211 2233 1268 nisi
2261 1230 2434 1272 caasa
2462 1213 2628 1289 hujus
2663 1214 2886 1291 fastidii
2915 1215 3106 1292 suisset
3142 1213 3536 1274 Israelitarum
3570 1234 3668 1273 sa-

2111 1304 2329 1381 pinitas
2360 1353 2374 1374 ,
2405 1308 2507 1381 qni
2555 1309 2630 1366 ad
2661 1327 2852 1367 verum
2886 1307 3178 1390 Sacrificii
3214 1309 3380 1389 finem
3417 1310 3672 1368 animum

2115 1415 2228 1455 non
2255 1398 2608 1460 advertebant
2633 1448 2648 1471 ‚
2676 1402 2883 1460 scilicet
2905 1404 2981 1462 ad
3006 1401 3317 1468 Christum.
3516 1410 3520 1414 “

2245 1495 2359 1574 ο16.
2416 1493 2529 1554 Sed
2575 1503 2645 1555 ut
2688 1495 2764 1556 ad
2815 1495 3249 1572 Melchisedech
3307 1496 3619 1562 redeamus
3643 1541 3660 1570 ,
3760 1499 3876 1540 ΝΜ
3896 1497 3995 1554 5¹¹¹,

2116 1585 2306 1664 verba
2329 1586 2586 1654 Canonis,
2611 1596 2751 1648 sunt
2775 1609 2809 1649 ε.
2825 1587 3023 1668 Sapra
3046 1610 3188 1668 qaae
3222 1592 3467 1670 propitio
3491 1610 3559 1651 ac
3575 1610 3660 1651 se-
3702 1560 3900 1660 2222ss
3917 1566 3998 1675 ,⁸⁸-

2117 1694 2252 1735 reno
2273 1681 2438 1756 υςιὶιμ
2459 1683 2720 1760 respicere
2742 1682 2988 1760 diyneris
3013 1729 3027 1753 ,
3060 1694 3108 1743 et
3132 1694 3354 1763 accepta
3375 1684 3570 1743 habere
3586 1685 3665 1746 si·
3704 1675 4002 1719 ⁵¹¹⁸‘¹³⁸⁶·¹¹³'⁸“‘

2118 1783 2213 1834 cut
2245 1786 2467 1852 accepta
2504 1776 2700 1838 habere
2722 1775 3070 1855 diqnatuses
3105 1797 3340 1838 munera
3373 1769 3539 1856 puer'i
3570 1780 3657 1837 tai
3696 1743 3784 1831 ‹if-⁶
3810 1731 4002 1833 ⁸222„ss

2109 1870 2259 1952 justi
2309 1869 2449 1933 Abel
2475 1917 2491 1940 ,
2550 1871 2600 1930 et
2647 1870 3008 1952 Sacrificium
3062 1872 3436 1935 Patriarchac
3486 1875 3665 1932 nostri
3703 1846 3997 1959 ςζῖἶξξξῗωζο

2114 1961 2377 2024 Abrahae
2401 2011 2414 2032 ‚
2451 1975 2498 2023 et
2530 1966 2677 2042 qaod
2713 1953 2815 2024 tib'i
2854 1968 3055 2026 obtulit
3097 1986 3343 2026 summus
3391 1964 3659 2028 Sacerdos
3699 1962 3992 2060 gffegffeffid·

2121 2065 2250 2115 taus
2274 2056 2673 2119 Melchisedech
2693 2071 2949 2120 sanctam
2969 2058 3331 2145 Sacrificium
3347 2107 3363 2130 ‚
3386 2061 3660 2120 immacu-
3703 2074 3959 2120 obl-imm

2118 2150 2296 2210 latam
2325 2147 2591 2212 Hostiam
2613 2171 2634 2211 .·
2681 2151 2788 2212 ubi
2822 2151 3136 2214 difficultas
3170 2152 3365 2213 oritur
3390 2198 3407 2226 ,
3436 2173 3515 2213 an
3556 2172 3664 2232 po·

2116 2251 2339 2306 strema
2371 2241 2477 2307 illa
2506 2246 2690 2314 verba
2709 2257 2964 2308 sanctum
2983 2249 3323 2328 sacrificium
3351 2294 3366 2317 ,
3397 2249 3671 2308 immaca-

2121 2338 2298 2398 latam
2327 2338 2593 2421 Hostiam
2613 2360 2749 2403 cum
2776 2340 2852 2402 iis
2874 2341 3292 2423 conjungenda
3316 2341 3437 2402 sint
3463 2387 3479 2415 ,
3509 2360 3667 2422 quae

2117 2432 2392 2509 proxime
2435 2429 2796 2513 praecedunt
2819 2480 2835 2508 ,
2871 2437 3017 2513 qaod
3058 2438 3161 2495 tibi
3181 2437 3384 2495 obtulit
3416 2455 3663 2495 summas

2116 2525 2390 2588 Sacerdos
2416 2540 2543 2589 tuas
2585 2529 2986 2591 Melchisedech
3009 2578 3024 2601 ,
3055 2550 3134 2592 an
3159 2529 3236 2591 ad
3279 2529 3526 2603 Missae,
3561 2549 3669 2590 seu

2117 2621 2339 2683 Christi
2370 2620 2742 2683 Sacrificium
2769 2623 3083 2685 referenda
3104 2617 3246 2683 sinti
3276 2621 3437 2702 quod
3467 2621 3664 2703 dupli-

2117 2716 2266 2778 citer
2296 2715 2426 2777 fieri
2457 2725 2646 2797 potest
2668 2763 2685 2790 ,
2719 2717 2814 2778 vel
2849 2718 3132 2779 omnibus
3163 2716 3285 2777 illis
3311 2719 3479 2776 sicuti
3512 2737 3665 2777 acce-

2114 2821 2440 2890 ptansque
2468 2811 2543 2871 ad
2576 2811 2979 2878 Melchisedech
3008 2812 3072 2873 in
3094 2810 3497 2891 parenthesim
3525 2829 3667 2872 con·

2117 2904 2298 2965 clusis
2323 2950 2339 2978 ,
2376 2913 2442 2966 ut
2471 2905 2573 2967 illa
2604 2905 2882 2965 Sanctum
2903 2906 3264 2987 Sacrificium
3288 2953 3303 2976 ,
3329 2905 3665 2965 immacuta-

2121 3009 2237 3060 tam
2261 3000 2520 3061 Hostiam
2545 2989 3066 3080 tanquam’Missae
3091 2999 3462 3062 Sacrificium
3484 2996 3669 3084 signi-

2116 3089 2360 3154 ficantia
2389 3113 2524 3153 cum
2551 3092 2672 3154 illis
2697 3092 2894 3174 Supra
2916 3114 3057 3173 quae
3083 3089 3667 3176 conjunganturzbvel

2112 3188 2338 3268 junctis
2367 3187 2645 3248 Sanctam
2669 3188 3030 3269 Sacrificium
3051 3235 3068 3259 ,
3094 3189 3515 3248 inmmculatam
3538 3184 3664 3244 Ho-

2117 3284 2289 3343 stiam
2326 3302 2461 3343 cum
2499 3282 2572 3351 iis
2599 3301 2754 3362 quae
2778 3290 3112 3361 sequuntur
3137 3326 3154 3354 ,
3186 3279 3476 3360 Supplices
3502 3274 3550 3338 te
3571 3298 3665 3337 ro-

2117 3396 2348 3454 qa-mus,
2393 3376 2614 3457 quibus
2638 3422 2653 3449 ‚
2691 3384 2912 3437 utsuo
2955 3376 3084 3436 loco
3119 3374 3383 3435 dicemus
3407 3419 3426 3447 ‚
3468 3373 3668 3433 Sacer·

2119 3469 2227 3529 dos
2252 3478 2385 3530 orat
2412 3515 2429 3543 ,
2459 3477 2528 3531 ut
2552 3469 2921 3551 Angelorum
2950 3468 3280 3531 ministerio
3311 3468 3374 3528 in
3408 3466 3665 3528 sublime

2119 3563 2387 3625 Paradisi
2418 3564 2625 3625 Altare
2655 3564 2873 3626 Oblata
2898 3564 3295 3643 perferantur.

2122 3706 2125 3707 γ
2241 3662 2334 3717 17.
2369 3657 2451 3718 Le
2482 3659 2646 3719 Brun
2677 3665 2819 3718 tom.
2859 3662 2914 3718 1.
2949 3677 3084 3738 pag.
3127 3654 3274 3717 510.
3305 3655 3431 3729 ait,
3477 3654 3663 3716 verba
3707 3701 3853 3744 voetoe
3897 3714 3993 3744 nn-

2118 3750 2397 3831 Sanctam
2448 3750 2811 3833 Sacrificium
2836 3798 2851 3821 ,
2920 3752 3344 3821 immaculatam
3397 3749 3662 3809 Hostiam
3703 3758 3989 3812 tenti-,nst-

2116 3844 2193 3917 ad
2241 3844 2621 3922 Oblationem
2663 3845 3093 3920 Melchisedech
3132 3864 3256 3905 esse
3298 3842 3608 3904 referenda
3637 3862 3658 3917 3
3701 3814 3995 3918 {ffffiffimd

2120 3957 2264 3999 nam
2317 3946 2552 4018 praeter
2599 3939 3145 4002 animadversiones
3176 3958 3211 4000 e
3255 3935 3657 3999 Grammatica
3696 3935 3861 3975 “¹⁸²⁸-

2117 4029 2323 4093 ductas
2348 4077 2364 4105 ,
2398 4039 2565 4093 notat
2589 4033 2964 4094 Sacerdotem
2988 4078 3004 4105 ,
3033 4052 3172 4108 cum
3203 4050 3278 4093 ea*
3307 4032 3494 4092 verba
3521 4039 3661 4110 pro-

2119 4122 2235 4185 fert
2261 4171 2276 4198 ,
2315 4124 2552 4186 nullum
2588 4126 3057 4211 Crucis-signum,
3087 4125 3303 4188 ducere
3323 4143 3501 4205 super
3529 4120 3656 4183 Ho-

2113 4218 2291 4280 stiam
2323 4227 2381 4280 et
2411 4219 2690 4293 Calicem,
2726 4221 2888 4300 quod
2919 4220 3060 4281 satis
3081 4218 3395 4302 significat,
3426 4238 3498 4279 ea
3523 4236 3660 4277 ver-

2116 4312 2194 4373 ba
2225 4312 2303 4374 ad
2332 4313 2551 4374 Christi
2594 4313 2963 4375 Sacrificium
3005 4333 3124 4397 non
3158 4312 3400 4374 referri.
3439 4311 3662 4399 Contra

2115 4405 2339 4487 Pouget
2365 4414 2504 4467 tom.
2537 4413 2595 4467 2.
2631 4407 2893 4477 Institut.
2949 4406 3304 4481 Catholicar.
3343 4425 3476 4485 pag.
3517 4409 3655 4464 875.

2114 4499 2461 4572 contendit,
2519 4520 2590 4561 ea
2650 4500 2836 4562 verba
2884 4520 3003 4560 non
3063 4499 3140 4561 ad
3204 4494 3659 4560 Melchisedechi

2115 4593 2496 4665 Oblationem
2521 4640 2538 4668 ,
2574 4595 2677 4656 sed
2714 4595 2790 4657 ad
2837 4593 3056 4675 Christi
3106 4591 3477 4683 Sacrificium
3534 4609 3660 4663 esse

2117 4688 2472 4750 referenda:
2539 4689 2817 4749 Verior-em
2866 4690 3066 4748 horum
3111 4688 3399 4764 verboram
3444 4696 3662 4744 sensam

2116 4785 2370 4860 attiqeris
2397 4830 2413 4853 ‚
2435 4785 2488 4841 si
2513 4802 2636 4842 eum
2679 4781 2869 4842 Odone
2908 4782 3185 4861 Episcopo
3224 4778 3614 4840 Cameracensi
3640 4823 3656 4846 ‚

2119 4875 2407 4954 Rhemiqio
2428 4875 2922 4946 Autissiodorensi,
2958 4875 3123 4935 Floro
3155 4874 3405 4934 Diacono
3430 4871 3663 4950 Laqda-

2116 4972 2276 5029 aemi
2299 5016 2314 5039 ‚
2358 4971 2460 5047 qai
2484 4989 2628 5031 nono
2648 4971 2866 5029 saeculo
2886 4972 3107 5051 floruit,
3155 4967 3206 5027 T
3201 4969 3486 5036 itelmano,
3507 4966 3665 5024 aliis-

2119 5084 2223 5143 qae
2248 5083 2361 5122 non
2387 5065 2614 5144 infimae
2635 5074 2796 5125 notae
2836 5066 2986 5125 sacri
3017 5063 3233 5124 Missae
3280 5059 3530 5120 Cononis
3552 5060 3660 5115 ‹in-

2120 5159 2450 5238 terpretibas
2493 5158 2657 5217 verba
2696 5158 2827 5218 haec
2853 5203 2870 5227 ,
2915 5156 3198 5218 Sanctum
3242 5149 3613 5246 Sacrificium
3639 5194 3655 5221 ,

2117 5250 2563 5313 immaculatam
2604 5249 2874 5311 Hostiam
2903 5294 2920 5322 ,
2952 5251 3028 5311 ad
3067 5251 3250 5329 ipsam
3284 5245 3504 5306 Christi
3544 5239 3658 5302 Sa—

2120 5347 2394 5426 crificium
2432 5344 2639 5422 reseras
2666 5392 2682 5415 ‚
2727 5364 2841 5404 non
2861 5345 2936 5404 ad
2959 5343 3321 5423 Sacrificium
3360 5338 3659 5399 Melchise-

2121 5440 2273 5500 dech.
2299 5437 2472 5502 ⁴lllud
2515 5438 2694 5500 etiam
2741 5438 2947 5509 addit,
2995 5456 3116 5498 non
3162 5434 3292 5511 fieri
3336 5429 3662 5494 verisimile
