4487 6316
1634 555 1968 611 Art’mutx
2001 557 2063 610 Χ.
2100 555 2192 609 ΔΙ)
2233 559 2357 610 Lm.
2396 558 2491 611 111.

974 701 1369 763 APPEme
1395 701 1494 760 Χ.

465 892 573 955 ΑΙ)
603 890 751 952 LIB.
785 894 843 951 3.
874 889 1052 951 CAR·
1077 895 1170 950 18.
1203 889 1395 950 NUM.
1434 893 1527 949 19.
1555 887 1665 948 EX
1693 886 2001 986 TOMOJ.

679 982 1049 1044 BULLARII
1073 982 1254 1044 PAG.
1289 987 1425 1043 212.
1460 982 1651 1043 NUM.
1692 985 1791 1041 64.

470 1168 817 1231 Sacerdotes
845 1141 1088 1230 Missam
1113 1168 1483 1230 celebrantes
1508 1187 1630 1228 non
1666 1163 1855 1227 teneri
1902 1165 2008 1226 Sa-

545 1282 709 1325 cram
728 1262 1168 1326 Eucharistiam
1188 1263 1470 1325 omnibus
1492 1259 1833 1342 petentibus
1850 1259 2010 1320 infra

547 1356 740 1436 ipsam
769 1355 1064 1417 actionem
1093 1355 1456 1417 ministrare.

478 1541 893 1604 Venerabilibus
920 1543 1221 1634 Fran-ibus
1251 1589 1267 1612 ,
1297 1542 1659 1619 Patriarchis
1684 1588 1700 1612 ‚
1729 1540 2013 1602 Primati-

567 1639 690 1709 tm,
720 1637 1197 1720 Archicpiscopis,
1231 1647 1282 1696 ct
1307 1637 1601 1717 Episcopis
1627 1635 1914 1697 iwltalia.

784 1825 1264 1887 BENEDICTUS
1293 1825 1494 1888 PAPA
1522 1824 1692 1885 XIV.

607 2012 1000 2075 venerabiles
1029 2014 1268 2102 Fratres
1292 2059 1309 2087 ,
1338 1965 1606 2074 Salutem
1630 2019 1691 2073 et
1717 2013 1877 2091 Apo·

833 2107 1105 2169 stolicam
1136 2106 1638 2168 Benedictionem.

138 2315 279 2357 smus
327 2324 426 2355 ωι-
469 2243 809 2360 Cerneres
828 2296 1043 2369 effecti,
1067 2293 1408 2375 pullulare'
1391 2313 1454 2354 ιιι
1473 2291 1787 2354 nonnullis
1807 2291 2016 2353 Italiae

140 2379 206 2415 “⁰
208 2372 373 2414 ”Μ’“
470 2390 853 2453 Dloecesihus
873 2390 1341 2451 controversiam
1366 2389 1440 2448 (le
1465 2387 1861 2469 obligatione,
1892 2404 2012 2464 qua

466 2485 812 2548 Sacerdotes
865 2484 1077 2556 Missas
1131 2484 1502 2544 celebrantes
1558 2480 2012 2562 adstringantur

464 2578 905 2643 Eucharistiam
925 2578 1266 2653 ministrare
1288 2578 1449 2639 intra
1469 2577 1705 2639 easdem
1726 2575 2011 2636 fidelibus

465 2674 580 2748 iis,
606 2674 712 2755 qui
739 2675 817 2737 ad
845 2674 1035 2754 ipsam
1063 2673 1470 2752 accipiendam
1489 2679 1727 2752 paratos
1752 2691 1815 2731 se
1836 2669 2010 2732 exhi-

464 2770 612 2831 bent
641 2814 658 2842 ,
693 2787 763 2830 ac
789 2775 1000 2848 petunt
1025 2765 1314 2827 Sacrificii
1340 2811 1356 2837 ,
1387 2765 1484 2825 cui
1515 2765 1753 2826 adstant
1779 2809 1795 2836 ,
1830 2762 2014 2843 parti-

463 2864 625 2943 cipes
649 2855 807 2936 fieri,
839 2862 1053 2922 Nostro
1075 2859 1327 2941 proinde
1349 2859 1554 2920 animo
1574 2857 2007 2938 reputavimus,

467 2957 738 3042 gliscenti
766 2956 924 3018 malo
946 2954 1317 3036 Apostolicae
1342 2953 1525 3034 hujus
1551 2952 1806 3033 paginae
1827 2952 2010 3013 docu-

471 3058 673 3114 mento
701 3051 873 3112 obire
897 3096 913 3123 ,
952 3070 1028 3111 ne
1064 3048 1315 3110 ulterius
1342 3094 1359 3121 ,
1397 3048 1558 3110 haud
1590 3049 1819 3127 absque
1861 3046 2008 3117 fide-

467 3145 620 3209 lium
638 3132 966 3209 eorundem
989 3141 1293 3217 scandalo,-
1312 3140 1750 3224 progrediatur.
1776 3141 2005 3220 Itaque,

465 3241 857 3304 venerabiles
899 3240 1141 3303 Fratres
1167 3283 1184 3310 ,
1225 3256 1561 3297 sermonem
1601 3237 1891 3304 ,Nostrum
1931 3235 2008 3296 ad

467 3354 573 3398 vos
594 3328 998 3396 convertimus
1013 3378 1030 3406 ,
1054 3338 1123 3391 ut
1146 3329 1257 3410 ipsi
1283 3348 1526 3410 quoque
1555 3328 1877 3391 Pastoralis
1896 3329 2010 3391 hac

468 3428 533 3490 in
561 3448 630 3489 re
652 3427 868 3491 Officii-⁷
878 3433 1075 3507 partes
1106 3424 1356 3486 minime
1384 3423 1719 3506 negligatis·

136 3634 193 3678 ‘1¹⁸
196 3617 430 3720 sbmffssm
469 3616 699 3690 currit,
734 3615 960 3676 nemini
990 3632 1068 3675 ex
1109 3612 1435 3674 fidelibus
1418 3631 1481 3671 ιιι
1514 3619 1774 3672 mentem
1801 3610 2011 3675 ,venire

137 3748 305 3776 ‘omn

353 3742 434 3786 .,ι
475 3730 675 3792 posse,
707 3709 918 3770 Missas
942 3707 1239 3788 privatas,
1270 3706 1333 3766 in
1356 3706 1580 3785 quibus
1606 3705 1891 3766 Sacerdos
1915 3723 2012 3765 so-

136 3748 432 3906 ,εἷμώὶ
346 3805 406 3832 ““
476 3804 570 3866 lus
591 3822 826 3865 sacram
843 3799 1505 3871 sumitEucharistiam,
1528 3807 1842 3879 propterea
1858 3797 2009 3871 veri,
2029 3883 2033 3887 .

138 3906 269 3949 Cone
279 3857 432 3948 Ἢ
374 3905 430 3947 ··d
472 3896 749 3980 perfecti,
780 3904 838 3957 et
866 3895 1116 3975 integri,
1147 3893 1434 3955 Sacrificii
1463 3894 1761 3955 incruenti
1788 3912 1825 3971 a
1847 3891 2016 3954 Chri-

474 3999 585 4055 sto
593 3990 851 4053 Domino
879 3988 1134 4050 instituti
1171 3987 1465 4049 rationem
1495 3987 1811 4059 amittere‘,
1850 3987 2013 4048 ideo-

477 4102 612 4169 que
627 4085 863 4154 illicitas
889 4103 1030 4144 esse
1039 4082 1482 4144 existimandas.
1515 4083 1633 4144 Nec
1654 4082 1816 4155 enim
1845 4081 2013 4163 igno-

477 4189 619 4243 rant
643 4177 880 4252 fideles,
911 4183 1014 4237 aut
1041 4175 1250 4236 saltem
1280 4174 1456 4236 facile‘
1472 4174 1699 4235 edoceri
1733 4183 2009 4254 possunt,

475 4275 932 4338 Sacrosanctum
965 4269 1189 4332 Concil.
1228 4269 1546 4341 Trident„
1586 4268 1864 4328 innixum
1904 4269 2011 4330 do-

472 4368 704 4432 ctrinae
721 4412 737 4439 ,
772 4384 953 4445 quam
983 4372 1268 4444 perpetua
1295 4361 1860 4424 Ecclesiae-traditio
1887 4381 2013 4423 ser-

471 4461 637 4525 vavit
660 4507 676 4533 ,
731 4458 872 4522 huic
919 4458 1351 4529 adversantem.
1401 4474 1619 4515 novam
1678 4453 2013 4535 falsamque

471 4556 721 4620 Lutheri
747 4552 1102 4615 sententiam
1130 4551 1442 4612 damnasse
1477 4568 1615 4610 sess.
1655 4552 1753 4608 22.
1784 4568 1914 4628 cap.
1948 4554 2005 4609 6.

472 4660 534 4713 et
556 4658 690 4712 can.
717 4656 776 4710 8.
800 4669 816 4709 ι
847 4646 922 4708 Si
947 4648 1072 4725 qais
1101 4646 1316 4704 dixerit
1339 4643 1550 4704 Missas
1569 4690 1585 4713 ‚
1609 4634 1677 4701 ‘in
1703 4643 1903 4722 quibus
1924 4662 2013 4702 so-

476 4747 562 4806 lus
585 4734 866 4805 'Sacerdos
892 4739 1376 4801 sacramentaliter
1402 4730 1801 4806 communicat,
1835 4737 2012 4796 illici-

474 4851 563 4903 ιω
581 4859 694 4900 -essc
722 4885 738 4908 ,
769 4837 993 4914 ideoque
1022 4833 1372 4912 abrogandas
1396 4851 1416 4890 .·
1444 4832 1742 4892 anathema
1774 4832 1870 4890 sit.
1933 4824 1940 4829 ’

189 4951 281 5008 eju
252 4949 396 4994 ιιιιιω
588 4931 652 5015 S.
705 4936 763 4991 2.
811 4928 1258 5000 Nihilominus,
1308 4925 1796 5006 quandoquidem
1843 4932 2013 4986 vetus

128 5008 355 5108 {3⁰:32¹}-
367 5014 438 5104 ,2
479 5025 776 5090 Ecclesiae
803 5023 1039 5105 praxis,
1070 5031 1128 5083 et
1156 5020 1501 5101 disciplina,
1526 5022 1701 5101 juxta
1727 5038 1910 5099 quam
1937 5018 2010 5078 fi-

131 5130 180 5166 ¹⁰
151 5137 227 5166 ⁰¹¹⁸
250 5136 382 5179 W·
345 5120 382 5163 ‘¹'
384 5135 428 5161 ··
470 5122 637 5185 deles
662 5118 859 5181 Missis
879 5118 1179 5179 adstantes
1204 5114 1563 5195 participare
1585 5113 1803 5193 passim
1828 5121 2010 5192 atque

129 5182 286 5279 322⁸
320 5177 432 5277 3⁰⁶2·-
478 5216 540 5277 in
565 5211 822 5295 publicis
848 5208 1241 5273 conventibus
1267 5207 1537 5268 solebant
1563 5207 2010 5268 sacrosanctum

129 5306 265 5405 ''02⁸¹'ss
255 5291 432 5391 ’ζῗξμῖἀ
474 5306 888 5380 Sacrificium,
930 5302 1334 5374 institutioni,
1379 5311 1438 5363 et
1478 5300 1754 5381 exemplo
1790 5298 2011 5363 Christi

129 5403 430 5508 :3:23⁶-
472 5401 714 5466 Domini
765 5398 1107 5481 omnimode
1148 5396 1468 5467 convenit,
1519 5396 1704 5458 verba
1748 5390 2011 5476 ejusdem

2093 2854 2361 2948 ‘apem'
2393 2865 2629 2936 praeter
2655 2878 2795 2931 ⁰⁰⁸
2825 2861 3048 2940 qmbus
3075 2881 3112 2923 a
3151 2864 3470 2925 Sacerdote

584 3521 648 3604 S.
688 3527 742 3583 1.
771 3524 860 3581 Ac
876 3520 1077 3628 primo
1097 3518 1342 3599 quidem
1363 3518 1683 3579 dicendum
1711 3516 1896 3577 Nob'is
1917 3531 2011 3578 oc-
2043 3522 2052 3533 “

2099 4636 2522 4722 ⁴laudabilibus
2538 4642 2674 4703 aliis
2697 4644 2979 4706 institutis
2995 4646 3227 4706 oriatur
3249 4653 3374 4725 pert
3384 4646 3642 4719 urbano,
3685 4615 3841 4718 ‘¹¹0⁰'

470 5494 720 5561 Concilii
749 5514 821 5558 eo
847 5494 977 5575 ipso
1004 5490 1263 5573 spiritu,
1295 5508 1416 5569 quo
1442 5490 1522 5553 ab
1547 5489 1754 5551 eodem
1782 5488 2012 5568 prolata
2057 5560 2063 5570 ‚

3362 558 3467 610 285

1991 777 2002 783 -
2114 707 2283 772 sunt,
2308 700 2625 762 iteramus:
2655 699 2890 781 optaret
2916 702 3142 779 quidam
3158 712 3510 763 sacrosancta
3531 701 3647 781 Sy-

2115 795 2315 865 nodus,
2344 808 2408 854 ιιι
2434 798 2497 853 in
2523 798 2763 874 sinqulis
2784 796 2981 856 Missis
3001 796 3186 876 fideles
3211 796 3515 865 adstantes,
3540 814 3654 855 non

2113 891 2294 948 sotum
2319 892 2613 968 spirituali
2642 889 2845 970 affecta
2874 938 2889 960 ,
2920 891 3011 949 scd
3048 892 3448 951 sacramentali
3484 885 3653 950 etiam

2116 979 2519 1044 Eucharistiae
2540 987 2885 1063 perceptione
2904 987 3373 1044 communicarent
3400 1033 3414 1054 ,
3444 1004 3552 1062 quo
3580 985 3657 1045 ad

2116 1097 2200 1136 cos
2238 1080 2580 1138 sanctissimi
2620 1080 2787 1155 hujus
2834 1078 3123 1159 Sacrificii
3168 1077 3388 1156 [ructus
3433 1080 3658 1138 uberior

2109 1174 2448 1251 proveniret.
2492 1171 2730 1232 Utinam
2776 1180 2975 1233 autem
3016 1191 3086 1232 eo
3123 1170 3252 1251 ipso
3282 1172 3657 1234 Christianae

2118 1264 2354 1343 pietatis
2381 1264 2648 1337 fervore,
2679 1284 2801 1345 quo
2829 1265 3161 1345 primorum
3189 1265 3561 1328 saeculorum
3590 1265 3656 1326 fi-

2118 1356 2279 1418 deles
2293 1359 2682 1431 exardebant,
2704 1365 3045 1420 nostrorum
3061 1379 3301 1439 quoque
3323 1357 3655 1440 temporum

2118 1450 2394 1512 homines
2434 1452 2831 1525 inflammati,
2877 1453 3053 1515 avide
3096 1454 3170 1514 ad
3213 1452 3516 1533 publicam
3560 1473 3656 1515 sa-

2117 1563 2290 1605 cram
2316 1542 2580 1607 mensam
2609 1545 2922 1619 advolare,
2946 1554 3408 1626 sanctorumque
3434 1547 3657 1628 Myste-

2118 1639 2350 1710 τίοτιιιιι
2382 1641 2743 1703 solemnitati
2767 1661 2886 1701 non
2915 1641 3118 1703 adesse
3138 1650 3403 1714 tantum,
3430 1643 3532 1704 sed
3561 1662 3655 1703 re-

2121 1733 2327 1815 ligiose
2344 1735 2683 1814 eorundem
2694 1735 3206 1816 participationem
3225 1744 3508 1816 exoptare
3523 1756 3659 1798 con-

2119 1826 2509 1910 spicerentur.
2555 1827 2734 1888 Nulla
2776 1838 2935 1889 certe
2965 1849 3060 1920 τρε
3097 1837 3225 1903 est,
3279 1849 3401 1910 qua
3437 1829 3658 1891 utilius

2120 1919 2440 2000 Episcopi,
2473 1921 2768 1994 Parochi,
2801 1913 3159 1983 Confessarii
3191 1919 3455 1983 studium
3484 1944 3661 1984 suum

2119 2032 2298 2075 omne
2326 2014 2669 2094 impendere
2698 2015 2979 2089 valeant,
3010 2036 3194 2096 quam
3222 2017 3287 2077 ἰιι
3328 2017 3658 2079 excitandis

2119 2105 2402 2168 fidelibus
2426 2108 2504 2170 ad
2530 2129 2661 2170 eam
2697 2110 2912 2172 mentis
2940 2111 3263 2190 puritatem
3291 2113 3661 2185 sectandam·

2117 2200 2280 2260 unde
2298 2199 2463 2281 digni
2485 2202 2812 2263 reddantur
2828 2203 3124 2283 frequenti
3148 2205 3222 2266 ad
3246 2225 3475 2267 sacram
3494 2208 3658 2268 Men-

2118 2311 2242 2353 sam
2273 2311 2540 2366 accessu,
2570 2303 2631 2354 et
2653 2315 2775 2355 non
2799 2296 3097 2380 spirituali
3125 2306 3389 2372 tantum,
3422 2300 3521 2360 sed
3550 2302 3656 2362 Sa-

2116 2387 2468 2447 cramentali
2497 2388 2678 2449 etiam
2706 2390 3159 2471 participatione
3190 2392 3296 2454 illa
3322 2393 3656 2472 Sacrificii,

2117 2481 2281 2559 quod
2314 2500 2350 2542 a
2379 2481 2694 2543 Sacerdote
2722 2530 2738 2553 ‚
2772 2493 3062 2565 tanquam
3094 2475 3333 2565 publico
3363 2488 3518 2552 Eecl

2119 2573 2431 2647 Ministro„
2463 2593 2584 2646 non
2615 2595 2724 2655 pro
2749 2597 2814 2638 se
2844 2585 3107 2652 tantum,
3133 2581 3237 2643 sed
3264 2599 3383 2662 pro
3409 2586 3526 2657 ‚tf-‚4
3579 2616 3582 2619 -
3607 2566 3612 2573 ’
3639 2562 3670 2583 '⁴

2119 2686 2228 2747 pro
2255 2667 2524 2747 ipsorum
2553 2670 2795 2732 nomine
2820 2673 3090 2734 offertur.
3448 2693 3453 2700 ·

2232 2760 2299 2843 S.
2334 2768 2392 2823 3.
2418 2764 2493 2823 Et
2514 2765 2793 2844 quamvis
2811 2767 2885 2827 de
2910 2752 3131 2830 eodeni
3139 2769 3445 2832 Sacrificio

2122 2949 2338 3014 brente
2361 2949 2690 3013 tribuitur'
2674 2972 2736 3012 ιιι
2760 2952 2884 3033 ipsa
2903 2956 3080 3017 Missa
3101 2943 3315 3038 portio
3308 2937 3669 3020 Victimae
3620 2979 3658 3021 a
3698 2973 3757 3001 “¹
3760 2960 3850 3006 ⁶⁶⁵⁰
3869 2922 3982 3006 ’Μω-

2115 3062 2179 3103 se
2204 3043 2478 3118 oblatae,
2507 3045 2548 3105 ii
2572 3048 2784 3119 etiam,
2810 3049 3034 3128 quibus
3057 3051 3339 3114 Sacerdos
3363 3053 3658 3115 Euchari-
3698 3029 3780 3063 ω

2114 3137 2289 3201 stiam
2325 3140 2616 3202 reservari
2646 3140 2884 3205 solitam
2918 3145 3295 3223 ministrat;
3299 3167 3418 3219 non
3455 3156 3654 3210 tamen

2113 3232 2337 3295 idcirco
2365 3243 2471 3318 aut
2497 3236 2689 3298 vetuit
2717 3258 2987 3318 unquam
3014 3241 3276 3303 Ecclesia
3299 3288 3315 3315 ,
3345 3250 3451 3305 aut
3479 3244 3657 3306 modo

2114 3333 2299 3400 vetat,
2323 3327 2600 3390 satisfieri
2630 3332 2710 3392 ab
2729 3332 2859 3412 ipso
2886 3332 3200 3396 Sacerdote
3217 3335 3444 3415 pietati,
3477 3344 3537 3398 et
3551 3339 3653 3419 ju-

2114 3429 2239 3481 stae
2265 3441 2474 3482 eorum
2501 3424 2811 3504 petitioni,
2841 3426 2946 3507 qui
2976 3428 3193 3490 Missae
3218 3430 3547 3504 adstantes,
3578 3432 3657 3493 ad

2114 3515 2480 3576 consortium
2507 3518 2741 3579 admitti
2776 3508 3080 3599 postulant
3110 3522 3373 3603 ejusdem
3414 3524 3656 3585 Sacrifi-

2115 3606 2232 3680 cii,
2263 3609 2425 3688 quod
2457 3619 2516 3671 et
2543 3610 2654 3691 ipsi
2698 3613 2923 3692 pariter
2964 3614 3226 3695 offerunt
3263 3636 3334 3678 ea
3377 3617 3611 3680 ratione
3635 3664 3652 3693 ,

2073 3733 2080 3745 «
2117 3719 2273 3780 quae
2304 3703 2459 3783 ipsos
2499 3706 2706 3769 decere
2732 3717 2963 3787 potestz
2998 3710 3183 3771 immo
3224 3713 3438 3791 probat
3474 3721 3662 3794 atque

2115 3796 2281 3876 cupit
2304 3842 2320 3869 ,
2350 3817 2428 3858 ne
2454 3798 2515 3861 id
2549 3798 2860 3863 omittatur
2885 3849 2902 3877 ,
2934 3823 3153 3885 eosque
3182 3806 3533 3869 Sacerdotes·
3556 3808 3652 3868 in-

2119 3898 2417 3970 creparet,
2449 3911 2709 3972 quorum
2738 3895 2947 3976 culpa,
2980 3904 3041 3958 et
3069 3897 3429 3980 negligentia
3456 3898 3654 3962 fideli-

2121 3983 2232 4050 bus
2258 3985 2632 4067 participatio
2665 3982 2769 4050 illa
2797 3990 3211 4072 denegaretur.
3680 4014 3683 4017 ’

2235 4076 2314 4158 S.
2350 4082 2405 4139 4.
2450 4081 2529 4140 At
2571 4082 2857 4160 quoniam
2904 4078 2969 4145 in
3012 4083 3272 4145 Ecclesia
3314 4084 3655 4150 Christiana
3696 4107 3763 4149 Ad
3820 4111 3979 4152 notma-

2120 4188 2270 4276 opus
2287 4170 2373 4232 est
2385 4183 2606 4237 cuncta
2634 4175 2929 4250 ordinate,
2948 4186 3008 4238 et
3028 4190 3423 4259 congruenter
3448 4179 3653 4260 dispo-
3695 4176 3786 4204 ‘”¹¹'
3845 4174 3884 4209 ¹²
3862 4180 3980 4209 ’Μ

3689 4223 3873 4266 Patere·
3883 4236 3978 4280 per·

2121 4263 2216 4337 ni;
2240 4264 2509 4328 Pastores
2542 4268 2913 4350 vigilantiam
2944 4279 3002 4332 et
3028 4291 3232 4333 curam
3261 4291 3431 4333 suam
3458 4272 3654 4334 confe-
3693 4278 3805 4320 “⁸⁶¹²
3810 4288 3841 4332 ²
3899 4294 3977 4337 ⁰1>-

2121 4366 2286 4429 rent,
2333 4369 2401 4420 ut
2438 4381 2514 4421 ex
2547 4383 2664 4424 uua
2694 4372 2863 4443 parte
2890 4364 3160 4425 fidelium
3188 4365 3377 4445 pietas
3408 4365 3654 4428 minime
3690 4336 3955 4449 ἷόιῖιιροιῖιιιιι,
3940 4351 3980 4378 '⁹

2118 4402 2437 4514 fraudetur
2458 4474 2530 4515 eo
2555 4458 2823 4530 accessu,
2852 4478 3042 4539 eaque
3069 4458 3545 4539 participatione
3558 4480 3649 4522 ex
3691 4455 3765 4559 ,ἷξε
3792 4448 3978 4548 ξζζᾞ·

2116 4543 2237 4605 alia
2254 4566 2406 4607 vero
2437 4548 2521 4610 ita
2552 4559 2875 4632 utrumque
2904 4553 3228 4625 sortiatur,
3260 4553 3411 4633 quin
3437 4553 3605 4614 ulla
3588 4574 3650 4614 ιιι
3694 4560 3813 4605 niune

2117 4731 2279 4792 unde
2313 4731 2485 4794 facile
2514 4735 2784 4799 confusio
2811 4739 3032 4811 etiam,
3064 4747 3123 4799 et
3152 4738 3499 4799 scandalum
3528 4732 3657 4800 ori·

2119 4833 2304 4884 retur.
2337 4826 2539 4900 Quare
2567 4830 2836 4893 Pastores
2877 4853 3119 4897 monere
3152 4833 3370 4893 debent
3412 4832 3647 4894 eosdem

2115 4915 2344 4992 fideles,
2366 4930 2434 4981 ut
2460 4923 2775 5005 participes
2794 4938 2921 4988 eme·
2937 4927 3240 5007 cupientes
3260 4945 3462 4990 sacrae
3480 4926 3653 4986 Men-

2117 5029 2217 5080 sae
2237 5058 2254 5084 ,
2293 5014 2484 5093 (quod
2516 5020 2921 5101 maximopere
2946 5020 3323 5101 probandum
3352 5020 3652 5102 diximus)

2118 5105 2415 5179 studeant,
2443 5118 2696 5191 tempus,
2719 5114 2915 5174 locum
2933 5112 3651 5175 etcircumstantias·nan-

2118 5195 2298 5271 cisci,
2344 5201 2564 5279 quibus
2604 5216 2665 5267 et
2705 5206 2814 5286 ipsi
2847 5208 3147 5288 justorum
3188 5215 3465 5269 votorum
3510 5225 3649 5268 suo—

2122 5308 2259 5350 rum
2295 5306 2591 5377 compotes
2628 5300 2905 5373 evadant,
2945 5320 3051 5361 nec
3084 5300 3355 5361 instituta
3398 5298 3513 5363 illa
3528 5300 3651 5384 pie-
3688 5344 3693 5351 .

2123 5382 2261 5444 tatis
2289 5386 2636 5468 impediant.
2667 5392 2896 5473 Hisque
2917 5394 3251 5455 Pastorum
3259 5411 3505 5453 suorum
3530 5410 3654 5452 mo-

2121 5475 2265 5541 nitis
2310 5479 2515 5545 fideles
2569 5505 2694 5546 sese
2749 5486 2966 5553 dociles
3028 5487 3418 5566 praebentes,
3478 5503 3650 5547 cave-
