4487 6316
969 517 1073 570 138

786 661 1075 733 madore,
1096 659 1202 740 qui
1228 658 1558 723 affirmavit
1581 680 1646 725 se
1665 679 1741 725 cx
1763 659 1888 725 illis
1910 660 2114 741 pueris
2133 677 2329 720 unum

785 754 862 816 dc
892 753 1044 816 facie
1070 753 1336 826 novisse,
1390 756 1656 837 itemque
1702 756 1938 818 novisse
1965 753 2330 817 Monachum

784 847 988 921 exiis,
1018 849 1126 928 qui
1168 849 1231 909 in
1257 850 1621 912 Monasterio
1650 850 1948 934 degebant
1997 868 2138 910 cum
2181 847 2329 909 aede

785 940 893 1004 illa
924 944 1283 1024 conjuncto,
1336 963 1494 1025 qnae
1524 952 1797 1026 'tempore
1840 939 2007 1006 illius
2052 940 2328 1004 miraculi

784 1044 1057 1098 extructa
1099 1035 1255 1109 fuit,
1305 1037 1475 1099 idestr
1508 1037 1665 1099 circa
1715 1039 1823 1100 VI.
1865 1037 2167 1100 saeculum
2217 1035 2332 1095 sub

785 1129 1152 1210 Imperatore
1179 1132 1211 1189 J
1220 1131 1521 1193 ustiniano
1539 1175 1555 1191 .
1609 1132 1888 1193 Moschus
1916 1130 2080 1193 euim
2106 1129 2212 1210 qui
2231 1128 2334 1190 vi-

783 1224 963 1285 vebat
1006 1243 1168 1286 anuo
1214 1231 1353 1286 620.
1407 1245 1513 1287 seu
1562 1232 1700 1288 630.
1745 1247 1875 1288 rem
1926 1233 2167 1297 narrat,
2207 1243 2331 1286 non

781 1335 942 1397 quae
993 1317 1314 1380 novissime
1366 1319 1741 1400 contigisset,
1799 1327 2168 1398 testaturque
2214 1316 2343 1378 sibi

786 1410 1071 1472 traditam
1095 1457 1113 1484 ‚
1159 1430 1197 1473 a
1238 1432 1379 1474 sene
1413 1413 1676 1493 quodam
1702 1459 1720 1487 ‚
1770 1412 1876 1494 qui
1921 1433 2041 1473 uon
2071 1410 2337 1492 amplius

786 1503 1032 1566 vivebat
1057 1505 1341 1586 ‚quique
1370 1526 1499 1567 rem
1530 1506 1717 1579 hanc,
1748 1515 1818 1567 ut
1837 1507 2014 1567 modo
2034 1504 2332 1576 diximus„

784 1617 823 1660 a
854 1600 1116 1679 quodam
1138 1620 1217 1661 ex
1237 1600 1359 1662 illis
1388 1600 1591 1681 pueris
1620 1610 1946 1680 acceperat,
1983 1609 2042 1661 ct
2064 1620 2099 1662 a
2122 1601 2335 1661 Mona-

784 1692 900 1754 cbo
928 1693 1094 1755 illius
1125 1693 1271 1768 loci3
1297 1715 1368 1756 ac
1385 1695 1461 1757 de
1483 1695 1848 1757 Mouasterio
1860 1695 2106 1776 quidem
2133 1694 2340 1775 loqui.-

781 1796 885 1849 t’ur
902 1789 1073 1869 quasi
1091 1791 1221 1873 jam
1259 1790 1696 1852 Monachorum
1723 1784 1978 1852 numero
2021 1791 2318 1852 floreret.·

453 1933 743 2037 aas.
784 1887 938 2038 ...1¹
944 1882 1509 2060 &2233th
1517 1883 2340 2040 Ξέἶῗίἱὲἱίῗῖἓῖΐέἰέἒζῖῖ

455 2062 530 2162 ζ’,
550 2052 751 2162 {m
794 2071 984 2133 buere
1009 2116 1026 2145 ‚
1063 2072 1214 2152 quin
1244 2081 1443 2134 tamen
1485 2081 1725 2134 nossent
1751 2118 1767 2146 ,
1796 2072 1935 2153 quis
1959 2078 2167 2133 auctor
2211 2090 2341 2133 rem

653 2168 662 2176 ”
785 2167 1128 2228 narraverit
1151 2212 1168 2239 ,
1209 2166 1656 2247 quibusque·id
1686 2165 2043 2227 miraculum
2082 2166 2341 2232 circum-

785 2261 1022 2323 stantiis
1068 2261 1404 2342 contigerit.
1459 2261 1765 2323 Honorius
1814 2261 1920 2342 qui
1968 2260 2123 2322 vixit
2179 2277 2342 2322 anuo

789 2359 964 2416 1120.
994 2355 1311 2417 inGemma
1333 2355 1572 2417 animae
1593 2354 1701 2416 lib.
1732 2359 1786 2415 1.
1813 2374 1943 2435 cap.
1971 2360 2103 2416 103.
2130 2354 2205 2416 de
2229 2353 2343 2415 bac

788 2468 858 2511 re
883 2450 1248 2514 mentionem
1282 2449 1458 2523 facit;
1484 2450 1587 2519 sed
1627 2449 1782 2511 illud
1819 2448 2015 2522 addit,
2043 2448 2245 2511 statim
2274 2467 2344 2510 ac

783 2544 1018 2624 prolata
1044 2544 1293 2606 fuerunt
1319 2543 1780 2605 consecrationis
1805 2544 1991 2604 verba
2020 2562 2200 2623 super
2232 2562 2340 2623 pa-

785 2656 924 2698 nem
936 2638 1240 2709 etvinum,
1254 2637 1602 2719 apparuisse
1616 2656 1859 2699 carnem
1878 2645 1938 2698 et
1958 2636 2336 2719 sanguinem3

781 2740 843 2794 et
869 2752 1086 2813 pueros
1116 2733 1334 2795 amissa
1374 2732 1498 2795 vita
1531 2732 1858 2793 concidisse
1877 2773 1896 2803 ‚
1930 2751 2039 2793 nec
2064 2731 2337 2792 conside-

787 2834 905 2899 rat,
930 2826 979 2887 si
1008 2845 1214 2887 omnes
1241 2826 1382 2908 igue
1396 2823 1575 2887 Caelo
1596 2824 1839 2904 delapso
1871 2833 2066 2885 essent
2093 2825 2339 2886 absum-

788 2920 900 3002 pti,
930 2921 1307 3002 superstitem
1338 2920 1610 2982 futurum
1637 2919 1820 2980 fuisse
1847 2919 2149 2979 neminem
2175 2964 2191 2992 ‚
2228 2918 2337 3000 qui

786 3032 919 3075 rem
940 3023 1235 3076 narraret:
1261 3014 1402 3075 inde
1427 3012 1648 3075 factum
1672 3012 1778 3085 ait,
1793 3021 1860 3073 ut
1875 3012 2124 3074 Concilii
2145 3014 2340 3094 cujus·-

789 3107 931 3171 dam
959 3108 1194 3172 decreto
1218 3107 1577 3170 Sacerdotes
1610 3107 1971 3189 juberentur
2006 3106 2194 3176 verba
2224 3106 2338 3168 Ca·-

789 3202 969 3265 nonis
1000 3203 1294 3265 submissa
1342 3202 1791 3265 voccrecitare.
1838 3203 1987 3263 Rem
2032 3201 2340 3263 Honorius

789 3304 1002 3360 narrat
1022 3342 1041 3371 ,
1075 3296 1267 3360 veluti
1309 3296 1537 3359 incerto
1567 3295 1874 3377 vulgatam
1912 3302 2156 3356 auctore
2179 3340 2196 3368 ‚
2231 3314 2339 3374 per

789 3393 1048 3454 verbum
1088 3393 1292 3470 fer-tar.
1327 3393 1558 3454 Verum
1590 3390 1852 3452 Belletus
1877 3389 2150 3451 Honorio
2194 3408 2340 3470 sup-

791 3504 906 3567 par
926 3505 1054 3548 rem
1081 3486 1238 3548 banc
1263 3484 1451 3547 veluti
1484 3484 1607 3546 fide
1626 3484 1872 3566 dignam
1894 3482 2123 3556 retulit3
2152 3502 2187 3544 e
2215 3502 2340 3563 qua

790 3589 965 3661 putat
995 3580 1486 3643 consuetudinem
1507 3599 1633 3642 esse
1653 3579 1982 3661 profectam
2001 3587 2225 3641 secreto
2252 3598 2341 3640 re-

791 3675 1015 3738 citandi
1047 3676 1372 3738 Canonem.
1405 3674 1513 3736 Ex
1538 3695 1648 3753 qao
1668 3676 1891 3753 quidem
1923 3675 2072 3752 facto
2095 3672 2342 3755 (scribit

792 3768 860 3830 in
886 3769 1164 3849 explicat.
1205 3769 1480 3830 Divinor.
1518 3768 1781 3830 Officior.
1802 3787 1949 3847 cap.
1981 3771 2079 3828 44.
2105 3767 2122 3847 )
2154 3779 2341 3828 statu-

795 3873 918 3923 tum
946 3864 1059 3941 fuit
1087 3868 1152 3923 al
1171 3863 1401 3943 posthac
1443 3864 1608 3925 tacite
1643 3881 1710 3922 ac
1745 3843 2008 3921 submisse
2037 3861 2335 3921 diceretur.

477 2179 504 2206 u

459 2220 547 2264 111.

796 3956 890 4018 Ad
903 3956 1076 4021 ,banc
1107 3976 1239 4019 rem
1266 3954 1650 4017 Innocentius
1676 3955 1788 4016 III.
1829 3954 2010 4016 ctiam
2055 3954 2341 4035 respicit,

791 4070 933 4113 cum
955 4051 1034 4112 de
1063 4070 1233 4113 sacro
1264 4049 1485 4112 Altaris
1503 4047 1849 4110 ministerio
1874 4047 1982 4108 lib.
2017 4053 2075 4109 3.
2110 4067 2242 4128 cap.
2282 4052 2338 4109 1.

791 4144 916 4207 ait:
947 4140 1200 4207 Decrevit
1231 4145 1485 4205 Ecclesia
1511 4190 1526 4213 ,
1561 4154 1626 4202 at
1665 4143 1797 4203 hacc
1822 4143 2122 4203 obsecratio
2146 4189 2163 4212 ‚
2199 4162 2344 4221 qaae

793 4250 1001 4301 secreta
1020 4250 1273 4301 consetur
1296 4286 1313 4309 ,
1346 4259 1384 4300 a
1410 4236 1709 4299 Sacerdote
1736 4246 1933 4297 secrete
1960 4237 2210 4305 dicatur:
2238 4257 2346 4297 mv-

794 4336 864 4395 ¹de
907 4336 1092 4413 fertur
1145 4334 1293 4413 qaod
1336 4351 1465 4414 cam
1504 4340 1635 4391 ante
1675 4331 2129 4390 consuetudinem
2145 4378 2162 4402 ,
2202 4352 2345 4411 quae

790 4430 1139 4510 postmodam
1156 4428 1408 4496 inolevit,
1439 4424 1674 4504 quidam
1693 4422 1955 4483 Pastores
1981 4443 2048 4483 ea
2081 4424 2347 4487 decanta-

786 4533 924 4582 ·rent
951 4525 1018 4582 ia
1040 4541 1178 4601 aqro
1198 4520 1628 4581 divinitas-sant
1646 4517 1917 4597 permissi.
1949 4516 2115 4578 Haec
2144 4517 2349 4597 itaque

793 4625 972 4691 sunt,
1009 4615 1233 4697 quibus
1277 4613 1563 4676 innititur
1590 4629 1804 4672 eorum
1852 4611 2147 4672 sententia
2172 4656 2189 4685 ‚
2240 4611 2348 4693 qui

794 4716 1070 4771 statuunt
1107 4709 1265 4770 hanc
1299 4700 1682 4786 disciplinam
1722 4711 2089 4765 secretarum
2121 4704 2348 4766 oratio—

800 4822 952 4864 num
1002 4801 1237 4885 saeculo
1288 4800 1458 4861 vnl.
1497 4816 1624 4859 esse
1667 4804 1962 4859 exortam.
2015 4797 2352 4860 Cardiualis

804 4899 972 4961 Bona
993 4897 1139 4961 aliis
1166 4904 1226 4958 et
1251 4894 1501 4958 omnino
1544 4890 1798 4954 diversis
1823 4898 2131 4972 permotus
2163 4892 2349 4953 ratio-

467 5025 639 5071 Μὴ
701 5029 751 5070 ς,
795 4995 979 5056 nibus
1004 4991 1347 5062 existimat,
1379 4996 1521 5051 aute
1545 4986 1853 5050 sacculum
1878 4986 1960 5046 X.
1986 5004 2194 5046 omnes
2219 5003 2352 5065 pre-

467 5085 637 5183 2÷ffl⁰⁸9
670 5098 760 5126 ‘⁸¹¹‘
801 5108 895 5152 ces
917 5108 954 5150 a
972 5084 1394 5149 Sacerdotibus
1418 5082 1574 5143 elata
1597 5100 1741 5142 voce
1755 5077 1992 5141 recitari
2013 5079 2351 5140 consuevis-

474 5141 752 5242 ῡ-’ῗῶῗιᾞῗω
799 5205 863 5248 se
886 5231 904 5260 ‚
934 5196 1128 5266 eoque
1168 5176 1407 5241 saeculo
1453 5176 1701 5237 ineunte
1741 5182 1938 5236 ortam
1967 5173 2349 5235 consuetudi-

467 5270 560 5299 “⁸0

467 5321 555 5358 'ult

471 5380 603 5422 nem

618 5260 760 5358 ⁸2:2⁸.
804 5300 945 5342 nem
969 5274 1261 5340 recitandi
1296 5270 1593 5333 submissa
1622 5288 1766 5331 voce
1794 5269 2132 5339 Canonem,
2167 5276 2235 5328 ιιι
2263 5267 2352 5329 vi..

797 5375 1054 5461 dereest
1087 5372 1313 5434 Rerum
1349 5362 1941 5446 Limrgimrumlib.
1970 5366 2030 5423 2.
2053 5379 2202 5443 cap.
2251 5366 2345 5424 13.

805 5488 974 5531 num.
1015 5471 1071 5526 1.

1908 517 1995 570 ns
2033 509 2519 584 saeuos-mero
2553 512 2775 569 mssa
2813 512 3200 571 sscmrtmo

2557 664 2616 719 8.
2652 660 2741 720 Ne
2771 660 2911 740 quis
2934 660 3235 722 existimet
3267 660 3363 723 vel
3392 662 3564 727 VIII.
3597 664 3694 727 vel
3732 666 3813 729 X.
3842 665 3986 728 Sac-
4028 658 4333 761 ffi³⁸³vffl

2438 750 2574 811 culo
2599 751 2756 813 hanc
2792 752 3172 833 disciplinam
3208 774 3335 816 esse
3366 755 3768 820 introductam
3795 805 3812 831 ‚
3843 754 3987 820 satis
4028 733 4327 840 siff-asae-

2438 844 2702 923 profecto
2732 855 2913 909 eruut
2942 867 3011 909 ea
3034 894 3051 921 ,
3080 868 3238 928 quae
3266 850 3340 910 ad
3377 850 3561 932 hujus
3609 853 3782 913 Ritus
3810 861 3983 914 vetu·
4025 831 4333 935 ffiwwn

2437 946 2647 1001 statem
2667 941 3193 1005 demonstrandam
3218 963 3360 1004 mox
3386 945 3723 1006 afferemus.
3754 948 3988 1009 Interea

2438 1030 2691 1093 dicimus
2715 1078 2733 1106 ,
2771 1034 2946 1095 nobis
2976 1035 3224 1096 minime
3273 1037 3517 1116 probari
3573 1038 3938 1119 principium
3966 1084 3984 1112 ,

2440 1125 2599 1186 uude
2630 1135 2831 1187 ortum
2857 1128 3029 1209 ajunt
3058 1129 3261 1190 Ritum
3290 1131 3454 1193 hunc
3479 1131 3716 1194 saeculo
3742 1142 3991 1205 octavo;

2441 1239 2559 1279 uon
2591 1221 2753 1300 quod
2781 1222 3079 1284 dubitatio
3120 1222 3246 1285 ulla
3292 1226 3467 1287 nobis
3499 1226 3562 1287 in
3597 1237 3857 1289 mentem
3888 1247 4000 1288 ve-

2441 1313 2570 1375 niat
2596 1315 2672 1375 de
2705 1315 2873 1377 illius
2922 1318 3196 1380 miraculi
3236 1321 3535 1394 veritate;
3573 1324 3775 1404 gravis
3825 1323 3992 1384 enim

2439 1416 2499 1468 et
2544 1409 2922 1490 synchronus
2950 1421 3159 1474 auctor
3200 1434 3327 1474 rem
3358 1415 3583 1489 refert,
3621 1425 3686 1478 ut
3733 1418 3997 1478 advertit

2441 1501 2602 1563 Goar
2628 1503 2689 1564 in
2720 1505 2889 1566 Notis
2913 1507 2990 1568 ad
3027 1507 3268 1570 Rituale
3302 1510 3669 1571 Graecorum
3699 1511 3845 1572 edit.
3876 1513 3999 1572 Ve-

2446 1607 2616 1660 netae
2635 1618 2735 1674 an.
2769 1604 2941 1661 1⁷30.
2958 1623 3094 1685 pag.
3127 1607 3260 1664 119.
3293 1604 3614 1666 Historiam
3640 1606 4002 1685 refertJoan-

2442 1711 2535 1751 aes
2585 1692 2851 1754 ,Uoschus
2885 1694 3059 1755 Prati
3093 1695 3437 1776 spiritualis
3487 1719 3613 1778 cap.
3659 1705 3793 1761 136.
3836 1703 3999 1780 cajus

2447 1786 2757 1846 auctoritas
2790 1807 2919 1846 cum
2947 1791 3103 1868 apud
3131 1791 3565 1868 plurmi-alsat,
3595 1813 3708 1852 noa
3734 1806 3810 1854 cst
3833 1807 3999 1856 teme-

2444 1897 2505 1937 re
2543 1880 2892 1957 explodenda
2915 1918 2934 1951 1
2979 1883 3065 1941 vel
3095 1884 3532 1952 subsannando:
3571 1906 3766 1966 neque
3809 1887 3998 1950 etiam

2447 1972 2622 2034 uobis
2649 1980 2737 2034 est
2762 1975 3004 2037 animus
3025 1996 3243 2058 negare
3263 2023 3279 2050 ,
3314 1981 3604 2058 quasdam
3634 1990 3887 2043 secretas
3912 1982 3999 2044 al·

2450 2073 2506 2127 ta
2533 2086 2684 2128 voce
2710 2069 2946 2131 recitari
2974 2072 3351 2133 consuevisse
3377 2073 3440 2133 in
3473 2074 3767 2137 Orientali
3794 2076 3998 2139 Eccle-

2447 2160 2536 2222 sia
2560 2179 2636 2221 ex
2679 2161 3116 2225 Constitutione
3144 2165 3512 2237 Iustiniani,
3562 2168 3639 2229 de
3671 2188 3793 2249 qua
3834 2170 3997 2235 infra

2449 2274 2645 2317 sermo
2672 2256 2788 2318 erit
2816 2279 2833 2330 ;
2865 2259 2968 2319 sed
2997 2259 3060 2319 id
3104 2278 3215 2320 nos
3247 2261 3496 2323 minime
3525 2263 3873 2346 intelligere
3905 2265 3997 2328 fa-

2450 2356 2646 2411 temur
2669 2396 2685 2423 ,
2718 2351 2824 2430 qui
2857 2354 3119 2432 potuerit
3152 2374 3187 2414 c
3213 2374 3311 2426 re,
3342 2374 3501 2435 quae
3537 2366 3704 2419 sexto
3732 2359 4000 2442 mntige-

2450 2443 2530 2505 rit
2585 2444 2823 2507 saeculo
2848 2491 2866 2520 ‚
2916 2446 3064 2508 oriri
3100 2449 3337 2510 saeculo
3375 2459 3585 2512 octavo
3633 2453 3999 2514 consuetudo

2448 2549 2701 2599 secretas
2729 2539 3025 2601 submissa
3046 2561 3191 2603 voce
3216 2542 3505 2604 recitandi
3515 2565 3532 2615 3
3562 2563 3700 2604 cum
3727 2565 3998 2625 praeser-

2447 2630 2555 2692 tim
2606 2652 2801 2713 neque
2851 2634 3196 2706 Honorius,
3235 2655 3432 2716 neque
3474 2636 3737 2700 Belletus
3784 2639 4000 2701 Conci-

2447 2724 2596 2785 lium
2620 2725 2953 2803 nominent,
2982 2729 3147 2808 quod
3174 2749 3307 2791 eam
3345 2729 3533 2811 legem
3561 2731 3921 2805 condiderit3
3942 2740 4003 2797 et

2446 2819 2816 2898 apertissime
2841 2830 3099 2893 constet,
3129 2842 3232 2883 eos
3260 2843 3369 2885 nec
3395 2824 3470 2885 dc
3495 2825 3731 2888 Joanue
3759 2825 4004 2888 Moscho

2445 2911 2777 2993 quidquam
2825 2923 3195 2995 compertum
3253 2916 3576 2995 babuisse,
3622 2939 3731 2980 nec
3765 2919 4002 2985 novisse

2442 3006 2950 3085 quemadmodum
2983 3027 3054 3069 ea
3083 3029 3179 3069 res
3208 3018 3371 3090 gesta
3404 3009 3632 3072 fuisset.

2563 3104 2621 3161 9.
2666 3099 3004 3164 Cardinalis
3034 3103 3235 3165 Bonae
3280 3123 3497 3166 nomen
3542 3115 3601 3168 et
3632 3104 4000 3170 existimatio

2446 3192 2701 3254 Vertum
2735 3195 3100 3269 commovit,
3130 3204 3190 3258 et
3222 3199 3548 3260 Tourneux
3573 3245 3590 3272 ,
3624 3207 3693 3261 ut
3724 3200 4000 3263 dicenda-
4039 3168 4341 3282 3⁸1⁸?ss

2445 3311 2584 3352 rum
2604 3291 2898 3353 submissa
2929 3311 3070 3352 vore
3101 3312 3345 3371 precum
3388 3294 3881 3356 consuetudinem
3922 3296 3997 3357 ad
4039 3283 4169 3382 ‘2⁸:¹²3
4202 3244 4341 3383 ¹³⁰5*

2445 3386 2749 3448 saeculum
2775 3387 2856 3447 X.
2886 3385 3198 3447 mserrcnt.
3221 3388 3507 3469 Ejusdem
3535 3389 3878 3458 cardinalis
3893 3410 3999 3452 au—
4037 3355 4123 3464 li...
4175 3356 4261 3440 ’ὅ
4306 3403 4342 3442 i·

2444 3481 2717 3543 ctoritate
2741 3489 2801 3542 et
2834 3479 2948 3560 ipsi
2978 3479 3056 3541 ad
3078 3500 3214 3542 eam
3239 3481 3715 3561 amplectendam
3755 3494 3997 3546 senten·
4038 3454 4145 3556 ῗῷω
4211 3454 4345 3501 ⁸⁶²⁸*

2447 3574 2593 3635 tiam
2627 3574 2868 3637 adducti
2897 3574 3236 3640 fuissemus,
3263 3576 3392 3634 nisi.
3412 3576 3721 3640 infirmam
3754 3598 3888 3640 eam
3915 3598 4003 3640 es-

2449 3687 2513 3730 ee
2535 3688 2675 3730 cum
2708 3670 2791 3729 Le
2814 3670 2976 3730 Brun
3014 3670 3627 3747 deprehendissonius.
3660 3672 3761 3734 Ait
3791 3674 3958 3735 Bona
3981 3718 4000 3747 ,

2447 3761 2811 3823 certissimus
2835 3780 2961 3823 esse
3006 3763 3240 3822 Fideles
3267 3765 3346 3824 ad
3378 3767 3566 3825 verba
3594 3765 4002 3828 consecratio-

2449 3855 2545 3916 nis
2578 3856 2936 3937 rcspondere
2958 3856 3334 3919 consuevisse
3355 3903 3371 3931 ‚
3396 3855 3623 3927 Amen.-
3655 3880 3731 3922 ex
3759 3880 3883 3941 quo
3906 3862 4003 3923 in·

4106 3109 4342 3157 cudant·-

2450 3950 2570 4012 fert
2592 3996 2609 4026 ,
2639 3971 2710 4014 ea
2755 3951 2941 4012 verba
2974 3950 3131 4013 elata
3171 3971 3315 4013 voce
3356 3972 3482 4014 esse
3522 3955 3759 4034 prolata
3781 4002 3798 4029 ,
3852 3966 3921 4018 ut
3964 3975 4004 4020 a

2450 4045 2682 4126 Populo
2708 4045 3064 4109 audirentur
3090 4066 3106 4118 ;
3138 4054 3198 4107 et
3228 4047 3623 4127 quiaFlorus
3669 4058 4004 4130 postremus

2449 4146 2539 4200 est
2562 4138 2834 4201 omnium
2862 4139 3235 4219 Scriptorum
3260 4185 3277 4212 ,
3308 4140 3413 4220 qui
3446 4141 3521 4203 de
3550 4142 3664 4204 hoc
3693 4143 3873 4204 Amen
3912 4144 4003 4207 lo·

2449 4241 2722 4314 quuntur
2748 4277 2765 4305 ‚
2789 4231 2933 4294 inde
2957 4231 3043 4294 ait
3068 4234 3236 4295 Boua
3268 4235 3553 4315 consequi
3578 4282 3596 4309 ‚
3633 4257 3770 4300 cum
3801 4238 4004 4321 Scrip-

2452 4333 2548 4388 tor
2575 4325 2682 4389 ille
2708 4345 2869 4388 nono
2904 4326 3128 4389 vixerit
3174 4328 3444 4401 saeculo,
3479 4330 3685 4409 paullo
3712 4337 4006 4416 postnjus

2453 4429 2708 4484 aetatem
2733 4468 2749 4496 ,
2781 4424 2860 4484 X.
2896 4422 3120 4483 scilicet
3151 4423 3388 4485 saeculo
3428 4424 3791 4489 obsolevisse
3826 4447 4005 4490 usum

2454 4515 2849 4596 respondendi
2880 4515 3061 4576 Amen
3083 4560 3099 4589 ‚
3144 4516 3645 4599 disciplinamque
3704 4522 4001 4584 submissa

2454 4631 2599 4673 voce
2629 4611 2931 4673 Canonem
2958 4610 3248 4672 recitandi
3274 4607 3681 4676 introductam
3706 4634 3852 4677 esse.
3887 4616 4004 4677 Pc-

2457 4715 2573 4765 stea
2593 4714 2867 4765 statutam
2893 4714 2993 4773 est,
3027 4714 3091 4764 ut
3118 4701 3318 4765 Canon
3346 4707 3621 4770 submissa
3652 4726 3776 4768 voce
3798 4712 4007 4771 recita-

2452 4808 2612 4859 retur
2634 4845 2651 4869 ,
2679 4808 2731 4857 et
2762 4800 2843 4858 sic
2871 4798 3033 4857 desiit
3059 4816 3127 4858 ca
3151 4800 3486 4859 cmmode
3505 4803 3727 4861 sacculo
3753 4804 3961 4863 decim
3986 4850 4004 4875 ,

2454 4903 2521 4952 ut
2548 4893 2816 4970 conjicio:
2857 4894 2999 4970 qaia
3028 4901 3154 4971 post
3178 4891 3449 4966 Flcmm,
3477 4897 3580 4972 qui
3613 4915 3761 4955 nono
3794 4898 4009 4957 ‘labsum

2453 4988 2673 5048 sacculo
2708 4988 2901 5055 vixit,
2934 4986 3053 5063 ejas
3093 4988 3427 5047 mentionem
3469 5008 3585 5047 noa
3622 4992 3809 5069 reperi
3849 4992 4007 5072 apud

2448 5085 2580 5143 aeci
2602 5080 2924 5161 posterioris
2951 5080 3264 5158 scriptores.
3322 5081 3411 5141 De
3450 5099 3596 5142 voce
3627 5081 3808 5142 Amen
3857 5084 4008 5145 scri-

2455 5194 2627 5255 psere
2649 5170 2974 5254 Gregorius
2995 5171 3324 5233 Casander
3345 5171 3408 5232 in
3437 5173 3711 5256 Liturgia
3739 5195 3871 5256 cap.
3902 5181 4002 5238 28.

2456 5276 2515 5329 et
2562 5264 2997 5346 Albaspiuaeus
3039 5272 3310 5326 tractatu·
3339 5265 3416 5327 de
3466 5266 3671 5327 Veteri
3705 5268 4007 5331 Ecclesiae

2460 5358 2680 5421 Politia
2699 5359 2765 5419 in
2787 5357 3126 5420 administr.
3161 5358 3425 5422 Euchar.
3458 5367 3519 5421 et
3548 5359 4014 5426 circumstantiis

2372 5508 2377 5518 .
2461 5453 2678 5516 Missae
2699 5452 2809 5515 lib.
2843 5456 2904 5512 2.
2936 5469 3069 5533 cap.
3108 5455 3203 5513 14.
