4487 6316
1492 429 1532 488 Ι

1682 563 1689 570 “
1816 550 1955 604 Lm:
1978 551 2052 604 ut
2085 549 2224 607 ΟΜ).
2262 550 2354 610 XI.
2469 579 2474 584 ·
2533 555 2544 562 “
3434 555 3504 604 ’13

468 694 559 758 ad·
588 688 937 755 excitandos
962 689 1331 755 tristantium
1368 693 1613 756 animos
1638 694 1717 757 ad
1754 694 2021 756 devotio-

466 807 644 862 ·nem;
676 787 863 870 hujus
895 787 1341 849 consuetudinis
1365 788 1661 872 originem
1689 789 1865 852 nobis
1897 807 2026 852 esse

470 881 671 944 adhuc
703 875 1134 961 incompertam
1162 902 1179 953 ς
1210 900 1280 942 ac
1317 882 1699 944 retinendum
1732 883 1894 944 hunc
1938 882 2023 943 ri-

474 983 605 1037 tum
638 974 747 1035 ubi
768 976 900 1057 jam
924 974 1087 1058 viget
1107 996 1126 1048 ς
1157 975 1222 1035 in
1253 973 1438 1037 sacris
1466 976 1632 1038 enim
1655 976 1895 1040 Ritibus
1918 994 2025 1039 va-

474 1070 732 1134 riatione
761 1070 916 1132 nibil
944 1070 1355 1152 perniciosius.

1032 1258 1284 1321 CAPUT
1324 1259 1468 1322 ΧΠ.

948 1441 1034 1510 Dc
1066 1447 1293 1510 Conone
1314 1449 1549 1522 Missas.

142 1639 439 1752 fflmffi:
482 1640 537 1697 1.
568 1572 835 1698 ‘Canon
855 1634 1016 1698 idem
1036 1635 1198 1698 valet
1226 1655 1297 1697 ac
1325 1635 1577 1718 Regula:
1607 1607 1679 1698 ed
1695 1635 1891 1698 utitur
1919 1653 2027 1696 vo-

142 1753 257 1809 jum
309 1767 436 1811 qum·
476 1751 543 1793 ce
569 1730 829 1793 Ecclesia
855 1739 925 1792 ut
956 1730 1250 1813 significet
1272 1778 1288 1804 ‚
1325 1730 1628 1792 Canonem
1658 1730 1872 1792 Missae
1900 1749 2027 1793 esse
2134 1742 2197 1796 et
2221 1734 2516 1817 significet
2540 1736 2780 1800 doctum
2809 1746 2870 1800 et
2900 1738 3229 1800 litteratum
3256 1735 3598 1808 hominem3
3629 1741 3691 1795 et
3729 1768 3847 1854 m...
3872 1752 3937 1794 Α..
3972 1751 4025 1795 ει.

141 1808 186 1880 fit
200 1825 331 1854 novae
349 1813 433 1852 Le-

278 1866 433 1911 mffi,
472 1824 713 1887 firmam
743 1825 1014 1906 regulam
1041 1871 1057 1898 ,
1084 1827 1262 1908 juxta
1293 1843 1479 1905 quam
1513 1825 1654 1886 novi
1684 1821 2028 1887 Testamen-

2131 698 2262 780 ejus
2287 695 2602 760 Tractatns
2620 700 2842 761 Auctor
2866 698 2944 760 de
2960 698 3364 779 Scriptoribus
3391 696 3680 760 Ecclesia-

2133 790 2297 853 sticis
2320 837 2337 865 ,
2394 803 2574 873 quem
2625 793 2938 855 Fabricius
2984 793 3171 875 edidit
3198 792 3262 854 in
3313 791 3685 854 Bibliotheca

2134 887 2541 949 Ecclesiastica
2570 895 2711 949 tom.
2741 893 2799 950 2.
2834 908 2971 970 pag.
3022 893 3155 950 143.
3190 887 3494 950 Canonem
3537 885 3684 947 Mis-

2132 997 2233 1042 sae
2258 980 2546 1062 scriptum
2575 988 2747 1062 putat
2771 1000 2807 1043 a
2845 981 3241 1046 S.‘Clemenh
3275 977 3688 1041 Alexandrino

2138 1074 2574 1137 Testimonium
2625 1076 2885 1156 denique
2914 1076 3148 1138 celebre
3174 1084 3262 1137 est
3291 1074 3353 1135 S.
3409 1070 3686 1154 Gregorii

2137 1166 2245 1230 lib.
2281 1174 2339 1230 7.
2369 1170 2482 1250 Ep.
2517 1174 2613 1231 64.
2645 1189 2808 1232 nunc
2838 1170 2946 1232 lib.
2979 1178 3036 1232 9.
3069 1173 3181 1251 Ep.
3220 1175 3312 1231 12.
3347 1169 3454 1250 qui
3488 1169 3684 1229 Cano-

2139 1282 2280 1325 nem
2308 1263 2455 1326 dicit
2479 1284 2516 1326 a
2546 1264 2910 1329 Scholastiso
2927 1266 3202 1348 quodam
3228 1284 3356 1328 esse
3391 1261 3687 1344 composi-

2138 1366 2290 1420 tum.
3285 1385 3296 1394 ·

2261 1459 2319 1514 3.
2355 1454 2551 1533 Atque
2577 1454 2678 1518 hic
2703 1475 2957 1538 magnae
2989 1454 3080 1517 illi
3110 1453 3551 1517 controversiae
3597 1451 3689 1534 lo-
3727 1472 3797 1536 ι).
3850 1465 4020 1537 sesni·-

2135 1566 2240 1609 cus
2268 1567 2392 1610 esse
2416 1557 2606 1629 potest
2626 1597 2642 1624 ,
2671 1569 2748 1612 an
2780 1549 3176 1612 Scholasticus
3207 1568 3422 1611 nomen
3470 1547 3550 1609 sit
3578 1565 3684 1608 cu·
3725 1527 4022 1626 mm&

2130 1640 2370 1723 jusdam
2399 1641 2533 1703 Viri
2566 1643 2875 1724 proprium
2898 1689 2913 1717 ,
2946 1662 3025 1705 an
3056 1662 3201 1705 vero
3230 1640 3684 1723 appellativum,
3728 1639 4023 1754 w-Gx

2137 1849 2286 1890 num
2314 1830 2375 1891 S.
2407 1830 2733 1913 Gregorius
2755 1839 2948 1894 totum
2975 1832 3278 1894 Cononem
3299 1876 3316 1905 ,
3353 1850 3433 1892 an
3471 1847 3688 1910 quam-
3732 1868 4026 1927 mmm,

134 1929 272 1969 ⁶⁵⁰1»-
312 1926 435 1968 ‘'⁸“-
476 1919 520 1980 ti
569 1916 941 1980 Sacrificium·
986 1927 1076 1980 est
1115 1918 1573 1980 celebrandum·
1621 1918 1922 1980 Cononem
1961 1919 2023 1979 S·
2138 1924 2280 1986 dam
2304 1923 2500 1986 solum
2547 1925 2897 1988 Orationem
2923 1925 3287 1988 scholastico
3316 1924 3406 1986 ini
3460 1923 3692 1985 tribue-
3735 1938 3787 1968 ⁸·
3836 1939 3931 1967 vem
3952 1938 4028 1983 'P-

135 1983 235 2039 eju·
269 1986 435 2026 nomina

134 2041 253 2100 ,pud
276 2045 435 2091 vum,
476 2012 801 2095 Gregorius
841 2009 1070 2073 Prccc‘m
1098 2060 1112 2082 ,
1143 2012 1404 2094 vigilius
1441 2012 1682 2074 Tcoetum
1713 2012 2032 2075 Canonicac
2140 2019 2240 2081 rit.
2308 2070 2312 2074 ,

133 2107 181 2199 ⁶¹5
200 2156 211 2165 .
284 2108 441 2141 *Μ*
481 2106 711 2169 Praecis
735 2156 751 2177 ,
796 2107 857 2168 S.
893 2106 1231 2190 Cyprianus
1275 2105 1606 2170 Orationem
1631 2156 1648 2180 ,
1692 2108 2033 2171 Walt’ridus

479 2201 674 2264 etalii
704 2201 994 2262 Actionem
1034 2201 1382 2283 appellant3
1427 2202 1588 2282 quod
1617 2203 1697 2274 in·
1717 2222 1795 2264 eo
1822 2201 2032 2265 Sacra‘⁴

480 2295 953 2357 menta-Domini
974 2295 1394 2358 conficiantur:
1418 2296 1814 2376 quamobrem
1838 2296 1900 2357 in
1921 2297 2033 2358 Ca-

478 2409 639 2462 none
659 2390 739 2452 ad
752 2389 1100 2456 Orationem
1122 2389 1606 2452 Communicamus
1626 2391 1933 2472 appositus
1948 2400 2038 2455 est

480 2483 693 2545 titulus
747 2487 906 2563 infra
958 2486 1248 2546 Actionem
1273 2531 1291 2560 ,
1347 2504 1452 2547 seu
1513 2488 1675 2547 intra
1720 2488 1995 2548 actionem
2018 2535 2034 2558 ,

480 2579 986 2660 quemadmodum
1006 2580 1073 2640 in
1089 2579 1452 2661 quibusdam
1470 2580 1693 2663 legitur
1710 2580 2035 2657 codicibus,
2058 2633 2063 2637 .

480 2673 661 2756 quod.
681 2673 841 2736 idem
868 2660 1206 2757 significat,
1241 2694 1363 2737 non
1387 2676 1632 2756 quidem
1656 2677 1833 2759 juxta
1860 2697 2040 2760 regu·

481 2766 572 2830 las
596 2768 1038 2831 Grammaticae
1061 2814 1078 2842 ,
1114 2769 1217 2831 sed
1240 2770 1423 2853 juxta
1439 2769 1832 2845 idiotismum,
1856 2790 2039 2851 quem

486 2862 851 2941 adoptarunt
878 2862 1129 2942 quidam
1162 2862 1709 2926 Ecclesiasticorum
1739 2864 2039 2926 librorum

485 2955 815 3037 Scriptores
842 2977 858 3017 ε
886 2957 1096 3020 dicunt
1125 2958 1287 3020 enim
1315 2957 1475 3037 infra
1521 2957 1795 3021 Octavam
1822 3007 1839 3030 ‚
1873 2958 2037 3039 quod

484 3050 558 3114 fit
588 3052 751 3115 intra
789 3051 1074 3115 Octavam
1091 3074 1117 3126 ἀς
1136 3061 1219 3115 ret
1246 3053 1311 3114 in
1352 3053 1715 3133 quibusdam
1760 3054 2039 3116 Rubi-icis

483 3145 874 3227 antiquorum
896 3145 1231 3209 Missalium
1253 3145 1473 3229 legitur
1502 3147 1714 3209 vinum
1736 3148 1895 3227 infra
1920 3146 2038 3210 Ca-

487 3242 646 3327 licem
677 3241 1117 3304 infundendum
1143 3287 1161 3316 ,
1194 3242 1309 3305 hoc
1334 3250 1424 3304 est
1449 3242 1612 3305 intra
1636 3242 1895 3306 Calicem
1917 3288 1934 3316 ,
1979 3251 2041 3328 et

484 3335 743 3399 bostiam
782 3336 1124 3418 ponendam
1163 3339 1324 3417 infra
1356 3336 1637 3399 Patmm
1659 3386 1675 3409 ,
1719 3336 1834 3399 hoc
1856 3345 1947 3399 est
1973 3337 2039 3398 in

485 3430 709 3517 Patena
734 3477 751 3504 ,
783 3432 947 3513 quod
976 3432 1260 3495 observat
1286 3433 1371 3494 Le
1412 3432 1579 3493 Brun
1609 3437 1754 3494 tom.
1806 3436 1859 3493 1.
1898 3451 2034 3513 pag.

386 3534 389 3539 '
487 3516 624 3589 433.
670 3526 852 3589 Modo
884 3526 1150 3590 diximus
1181 3547 1219 3591 a
1262 3526 1570 3590 walfrido
1597 3527 1899 3612 Canonem
1931 3547 2039 3607 ap-

484 3620 699 3701 pellari
735 3621 1026 3682 Actionem
1047 3642 1069 3691 ‚·
1096 3623 1268 3704 cujus
1308 3641 1380 3684 ea
1408 3614 1595 3684 verba
1635 3629 1777 3682 sunt
1799 3640 1879 3683 ex·
1904 3639 2034 3701 cap.

489 3718 587 3777 22.
634 3716 710 3778 de
748 3717 931 3777 Rebus
972 3716 1424 3778 Ecclesiastico.-
1471 3716 1890 3777 Actio'dicitur
1926 3718 2043 3796 ipsc

493 3807 693 3872 men
721 3857 736 3880 ,
774 3812 914 3889 quia
943 3812 1009 3869 in
1036 3830 1096 3870 co
1125 3808 1500 3872 Sacramenta
1532 3810 1830 3871 Dori-inico
1869 3810 2042 3891 confi-

489 3906 740 3966 ciuntur.
770 3903 972 3966 Canon
988 3924 1115 3965 vcro
1135 3906 1323 3967 cadem
1352 3904 1395 3964 A
1404 3907 1515 3965 ctio
1530 3907 1881 3975 nominatur,
1902 3906 2043 3984 quea

489 4000 556 4059 in
574 4018 640 4060 ca
655 4010 731 4060 cst
757 4001 1004 4079 legitima
1018 4010 1077 4076 ct
1096 4000 1377 4078 requieris
1401 3997 1897 4060 Sacramenta-um
1910 4019 2043 4059 con-

348 4170 356 4183 ·
487 4094 669 4174 tectio.
698 4095 779 4155 Et
800 4084 1178 4156 consentiunt
1210 4092 1390 4175 Hugo
1433 4092 1758 4155 Menardus
1791 4092 1853 4153 in
1884 4092 2041 4154 notis

488 4187 567 4250 ad
591 4182 1140 4250 Sacramenta'rium
1160 4186 1221 4247 S.
1246 4185 1524 4269 Gregorii
1546 4206 1678 4269 pag.
1713 4191 1805 4248 12.
1831 4186 2042 4249 Cardi-

491 4282 647 4346 nalis
673 4284 841 4344 Bona
867 4284 1008 4345 Rer.
1042 4280 1331 4363 Liturgic.
1363 4280 1471 4342 lib.
1505 4285 1563 4342 2.
1594 4301 1724 4361 cap.
1761 4286 1854 4342 11.
1887 4300 1949 4342 n.
1979 4286 2035 4343 1.

494 4377 578 4440 Le
616 4379 803 4439 Brun.
845 4384 990 4438 tom.
1032 4380 1088 4437 1.
1134 4394 1271 4457 pag.
1308 4379 1446 4438 407.
1480 4376 1785 4459 ΤουῐιιοΙ]
1815 4375 1890 4437 de
1915 4377 2040 4438 Eu-

490 4472 732 4535 charist.
760 4480 906 4534 tom.
931 4476 991 4532 2.
1021 4490 1158 4553 pag.
1194 4474 1332 4532 432.
1354 4471 1621 4541 Moratus
1638 4478 1783 4532 tom.
1820 4475 1874 4533 1.
1903 4488 2035 4553 par.

493 4572 550 4631 1.
582 4588 720 4651 pag.
756 4571 896 4629 236.

146 4674 329 4736 ρ-ίιιι-
363 4673 455 4718 Διι-
612 4668 671 4724 2.
724 4661 945 4743 Incipit
988 4660 1195 4724 Canon
1242 4658 1460 4722 Missae
1487 4659 1569 4722 ab
1606 4678 1678 4721 ea
1706 4658 1994 4722 Oratione
2018 4707 2036 4736 ,

144 4743 239 4835 „0¹⁵¹
266 4734 453 4837 ''wne''
498 4756 570 4819 Tc
600 4759 782 4837 igitur
816 4754 1254 4817 clementissime
1277 4742 1455 4816 Pater
1477 4802 1494 4826 ,
1524 4753 1867 4837 quiCanon
1897 4755 2041 4817 sub-

144 4857 243 4895 ιιι.

491 4853 669 4914 missa
694 4871 841 4914 voce
866 4850 1089 4913 dicitur
1118 4868 1310 4930 usque
1336 4848 1413 4911 ad
1458 4848 1807 4910 Orationem
1835 4850 2042 4911 Domi-

490 4947 769 5020 nicelem,
801 4965 984 5027 quam
1009 4944 1294 5007 Sacerdos
1312 4943 1470 5005 elata
1490 4963 1634 5005 voce
1656 4943 1883 5006 recitat.
1915 4946 2041 5007 Au-

492 5051 623 5107 ctor
649 5040 909 5105 Canonis
934 5058 970 5101 a
999 5038 1362 5121 quibusdam
1398 5037 1644 5120 ponitur
1669 5037 1960 5100 Celusius
1986 5039 2036 5100 1.

492 5137 615 5201 Alii
676 5136 980 5199 Canonem
1046 5133 1326 5196 tribuunt
1380 5133 1627 5195 Musaeo
1687 5128 2041 5197 Massiliensi

496 5230 856 5313 Presbytero
881 5274 913 5302 ,ff
927 5226 1207 5289 nonnulli
1238 5226 1421 5289 etiam
1459 5225 1730 5288 Voconio
1755 5225 2047 5308 Episcopo

496 5322 922 5389 Castellanensi
953 5321 1019 5384 in
1070 5319 1440 5383 Mauritania
1473 5340 1489 5381 ε
1523 5319 1588 5382 1ιί
1635 5319 1800 5382 enim
1839 5330 2051 5383 omnes·

498 5429 646 5484 teste
669 5417 980 5482 Gennadio
1004 5416 1197 5483 libros
1221 5415 1296 5477 de
1316 5435 1383 5477 re
1404 5414 1881 5477 Sacramentaria
1902 5434 2046 5476 con-

495 5515 880 5598 scripserunt.
933 5514 1287 5594 Anonymus
1339 5513 1435 5571 12.
1471 5508 1692 5573 saeculi
1736 5506 2002 5591 Scriptor
2024 5548 2044 5586 ,

828 5634 1041 5675 ιιιιι).
1081 5634 1173 5673 nv
1232 5631 1380 5672 ron.
1418 5619 1558 5675 vlu.

3733 1980 3988 2042 „mavum

2259 2116 2316 2173 4.
2344 2111 2630 2194 Serapion
2661 2113 2757 2175 vir
2782 2114 3155 2176 doctissimus
3186 2114 3267 2175 ob
3297 2110 3522 2194 ingenii
3558 2111 3689 2173 nia-
3784 2119 4030 2189 ,ῦὼοῑκϋοὶ

2145 2205 2521 2287 gnitudinem
2548 2208 2708 2288 apud
2738 2208 3179 2290 Hieronymum
3211 2207 3319 2269 lib.
3356 2209 3421 2266 dc
3442 2204 3700 2285 Scripto—
3738 2177 4028 2278 ἷξὶῗωζξρξξ

2147 2304 2304 2362 ribus
2377 2302 2786 2363 Ecclesiasticis
2848 2302 3245 2365 Scholasticus
3306 2279 3706 2381 appellatus,
3741 2291 3949 2395 2322*
3981 2307 4030 2335 ⁶·

2147 2395 2497 2458 Gennadius
2527 2398 2590 2457 in
2640 2397 2827 2459 Catal.
2872 2391 3230 2478 Scriptorum
3270 2394 3697 2482 Ecclesiastico-
3781 2418 3792 2430 ·

2145 2512 2278 2552 rum
2308 2490 2668 2574 Prosperum
2697 2500 2867 2555 vocat
2885 2492 3159 2553 'Sermone
3190 2490 3562 2552 scolasticum
3580 2536 3596 2558 ,
3631 2485 3697 2548 id

2145 2591 2235 2648 est
2263 2585 2608 2666 eloquentia
2636 2594 2697 2648 et
2723 2585 3063 2647 eruditione
3092 2585 3360 2661 clarum.
3390 2579 3700 2642 Honorius

2147 2679 2330 2744 etiam
2357 2681 2422 2743 in
2477 2680 2750 2762 Cataloqo
2798 2679 3158 2762 Scriptorum
3188 2676 3439 2751 scribit,
3493 2672 3700 2737 Alcui·

2148 2795 2297 2837 num
2320 2776 2503 2837 finisse
2543 2776 2719 2855 officio
2773 2771 3204 2834 Scholasticum.
3235 2773 3332 2832 J).
3375 2768 3704 2850 Gregorius

2148 2873 2231 2933 Μ.
2265 2855 2374 2931 lib.
2405 2874 2497 2931 10.
2529 2888 2624 2948 ep.
2656 2872 2715 2929 2.
2751 2866 3122 2929 Matthaeum
3141 2863 3464 2945 quemdam
3490 2862 3700 2924 claris-

2146 2965 2369 3027 simum
2398 2962 2600 3025 virum
2632 2961 3005 3024 Scelesticum
3035 2969 3227 3022 vocat.
3279 2960 3351 3019 In
3380 2958 3589 3021 eodem
3619 2955 3705 3016 si-

2144 3056 2433 3141 gnificatu
2459 3055 2805 3118 Scholastici
2840 3074 3058 3116 nomen
3089 3053 3305 3134 accipit
3326 3053 3387 3113 S.
3416 3050 3703 3133 Augusti-

2148 3173 2265 3217 nus
2293 3152 2358 3214 in
2391 3142 2611 3214 Psalm.
2644 3155 2743 3213 44.
2771 3150 2855 3212 Ac
2880 3148 3226 3214 Scholastici
3261 3147 3509 3229 quidem
3553 3144 3708 3207 olim

2148 3256 2325 3311 erant
2351 3246 2442 3309 illi
2471 3245 2809 3329 Presbyteri
2838 3244 3109 3307 doctrina
3134 3251 3196 3305 et
3215 3242 3556 3305 eruditione
3575 3240 3702 3303 cla·-

2148 3342 2226 3416 ri,
2259 3341 2391 3423 qui,
2423 3348 2493 3403 ut
2524 3340 2885 3414 Pantoenus,
2916 3339 3197 3401 Clemens
3223 3336 3702 3410 Alexandrinus,

2147 3444 2209 3499 et
2231 3436 2511 3518 Origines
2531 3481 2548 3509 ,
2581 3434 3061 3499 Christianorum
3103 3433 3335 3496 scholas
3366 3432 3656 3514 regebant
3679 3475 3700 3505 ,

2151 3530 2212 3593 in
2245 3531 2469 3612 quibus
2512 3530 2554 3590 ii
2588 3530 3023 3592 erudiebantur
3054 3529 3163 3610 qui
3188 3547 3227 3590 a
3250 3526 3499 3588 ⁴ludaica
3538 3523 3706 3590 Reli-

2149 3625 2329 3707 gione
2348 3670 2365 3698 ,
2418 3624 2514 3686 vel
2567 3624 2875 3686 Idolorum
2923 3623 3088 3685 cultu
3121 3621 3196 3684 ad
3246 3604 3477 3683 Christi
3520 3618 3705 3681 fidem

2148 3720 2643 3801 commigrabant.
2682 3719 2762 3779 Et
2797 3718 3053 3780 Severus
3105 3715 3418 3797 Sulpitius‘
3449 3713 3704 3796 Dialogo

2152 3819 2210 3874 2.
2262 3812 2449 3886 dicit,
2503 3833 2594 3873 vos
2643 3810 2982 3873 Scholastici
3007 3861 3023 3884 ,
3080 3830 3192 3891 pro
3235 3830 3327 3871 vos
3362 3807 3704 3889 Sapientes,-

2154 3908 2435 3988 idemque
2460 3907 2520 3968 S.
2563 3907 2889 3989 Gregorius
2916 3906 3005 3968 lib
3037 3910 3133 3967 10.
3165 3904 3337 3985 epist.
3367 3908 3428 3964 2.
3463 3901 3710 3964 doctum

2149 4000 2695 4084 quemdam‘virum
2724 4000 3074 4063 collaudans
3108 4000 3299 4061 cirum
3328 3998 3710 4059 clarissimum

2153 4094 2568 4158 scholasticum
2593 4103 2785 4157 vocat.

2269 4198 2327 4254 5.
2362 4192 2559 4272 Atque
2583 4189 2732 4252 haec
2756 4197 2898 4252 sunt
2923 4234 2941 4263 ,
2970 4207 3128 4270 quae
3153 4185 3468 4268 proferunt
3492 4184 3560 4258 ii,
3594 4183 3702 4265 qni
3745 4200 3828 4268 Aa·
3846 4200 3892 4243 s.
3927 4206 4038 4249 ο...

2150 4295 2367 4368 putant
2390 4286 2451 4347 S.
2487 4285 2844 4368 Gregorium
2873 4283 3119 4345 nomine
3155 4279 3501 4344 scholastici
3526 4324 3543 4352 ,
3578 4297 3700 4340 non
3741 4264 4044 4372 wgebffis

2148 4379 2457 4442 hominem
2484 4378 2809 4460 quemdam
2829 4376 3214 4449 intellexisse,
3246 4374 3351 4437 cui<
3375 4392 3593 4434 nomen
3625 4371 3701 4432 il·-
3743 4373 4042 4476 :motai-¹³⁰⁰:

2149 4474 2266 4536 lud'
2282 4472 2595 4555 proprium
2628 4472 2888 4534 inditum
2905 4468 3093 4544 esset,
3125 4469 3228 4531 sed
3258 4465 3708 4529 virum'litteris
3747 4500 3841 4529 m
3866 4502 4039 4540 ,anve-

2148 4567 2453 4630 eruditum
2480 4612 2497 4640 ,
2529 4565 2636 4647 qui
2657 4565 2960 4628 Canonem
3008 4563 3329 4644 scripserit»
3382 4562 3605 4623 Contra
3658 4559 3701 4621 ii
3742 4546 4047 4659 3ῃ“;

2150 4662 2257 4744 qui
2287 4658 2634 4723 existimant
2653 4661 2714 4721 S.
2748 4657 3096 4731 Pontificem
3121 4657 3197 4720 de
3208 4657 3454 4718 bomine
3481 4656 3703 4737 loquu-
3741 4663 4039 4762 gum-¹:⁶⁰:

2146 4767 2277 4821 tum
2304 4804 2320 4831 ,
2352 4757 2523 4838 cujus
2552 4754 2864 4835 proprium
2894 4762 3044 4815 esset
3078 4766 3296 4815 nomen
3325 4750 3698 4824 scholastici,
3741 4772 3941 4816 κῆαι-ιιι.

2152 4854 2479 4932 provocant
2503 4849 2579 4911 ad
2609 4849 2742 4932 ejus
2781 4848 3112 4929 Epistolam
3153 4850 3251 4909 54.
3285 4846 3393 4908 111).
3433 4850 3494 4907 2.
3526 4853 3588 4908 et
3628 4845 3705 4906 ad
3767 4894 3776 4901 .

2151 4944 2483 5026 Epistolam
2507 4936 2600 5004 14.
2629 4942 2737 5004 111).
2769 4938 2832 5003 ’9.
2864 4942 2972 5003 ubi
3000 4958 3218 5003 nomen
3248 4939 3596 5002 scholastici
3617 4945 3710 5001 est

2154 5057 2371 5099 nomen
2396 5035 2660 5098 bominis
2685 5034 3020 5115 proprium.
3059 5033 3234 5110 Quod
3263 5052 3407 5095 vero
3436 5033 3515 5094 ad
3550 5031 3708 5093 illud

2153 5132 2388 5205 attinet,
2421 5149 2499 5192 an
2531 5130 2590 5191 S.
2622 5128 2949 5211 Gregorius
2973 5126 3361 5200 Scholastica,
3395 5145 3578 5207 quem
3608 5123 3706 5187 vel

2153 5226 2229 5288 de
2257 5224 2503 5287 nomine
2528 5243 2638 5285 suo
2659 5269 2676 5296 ,
2708 5222 2806 5285 vel
2834 5231 3080 5304 propter
3100 5223 3231 5305 ejus
3262 5220 3599 5283 doctrinam
3621 5218 3709 5283 ita

2155 5318 2454 5405 appellat,
2487 5317 2632 5379 dum
2658 5317 2961 5379 Canonem
2989 5316 3208 5378 tribuit
3232 5361 3249 5389 ,
3284 5321 3480 5377 totuin
3512 5311 3710 5376 Cano-

2157 5414 2295 5476 nem
2326 5408 2644 5495 iitelligat,
2659 5431 2740 5473 an
2760 5424 2907 5474 vero
2939 5410 3289 5474 Orationem
3318 5409 3588 5491 aliquam
3614 5425 3713 5471 ea-

2158 5526 2332 5583 rum,
2385 5524 2544 5589 quae
2587 5505 2822 5570 suntin
2868 5503 3112 5571 Ganone
3132 5550 3153 5582 ,
3209 5503 3592 5568 Maldonatus
3637 5501 3705 5564 ia

3315 5616 3380 5669 ss
