4487 6316
1763 490 1889 544 HR.
1932 490 1994 543 11.
2034 489 2172 543 CAP.
2215 489 2342 543 XIX.

484 647 812 709 memorat,
864 647 928 701 ut
974 637 1118 699 alibi
1150 635 1602 723 diximus)·sibi
1646 637 2040 699 nibilominus

482 731 840 809 persuadere
870 751 1008 789 non·
1043 739 1232 809 potest
1256 775 1274 801 ,
1318 731 1628 809 Apostolos
1652 777 1668 801 ‚
1706 751 2036 811 emique

478 845 838 889 successores
882 825 966 885 nil
1012 825 1343 903 quidquam
1376 823 1546 885 aliud
1594 825 1836 886 Missam
1882 827 2034 887 cele-

3381 490 3480 539 ¹13

2153 637 2291 699 cani
2329 635 2675 717 disciplina,
2695 637 2869 717 juxta
2907 653 3091 715 quam
3123 651 3317 711 neque
3349 631 3557 693 Oratio
3589 633 3701 689 Do-

2149 729 2371 791 minica
2395 775 2411 801 ,
2447 749 2639 809 neque
2669 729 3023 811 Symbolum
3057 727 3117 785 in
3147 725 3403 807 publicis
3437 745 3697 785 conven-

2149 825 2311 883 tibus
2343 825 2755 885 recitabantur
2783 871 2797 897 ,
2833 825 2891 883 in
2923 823 3147 903 quibus
3175 841 3299 881 esse
3327 827 3557 899 poterat
3583 819 3697 879 ali-

484 921 714 979 brando
758 919 964 979 fecisse
990 965 1006 991 ,
1046 939 1240 999 qnam,
1266 929 1328 979 ut
1376 919 1724 979 Orationem
1770 921 2035 979 Domini·
2085 947 2086 951 ¹
2145 917 2281 997 quis
2321 917 2689 989 Infidelinm,
2721 917 2813 977 vel
2845 915 3335 979 Catechumenus.
3369 913 3575 991 Neque
3593 931 3695 973 ve-

480 1015 668 1075 calem
700 1015 1050 1091 recitarent,
1090 1015 1528 1075 Eucharistiam
1576 1024 2030 1087 consecrarent,

478 1129 734 1189 eamque
776 1109 1224 1179 distribuerent.
1274 1109 1570 1187 Loquitur
1614 1129 1684 1167 eo
1720 1109 1848 1169 loeo
1886 1111 2032 1169 Boc-

482 1203 700 1283 quillot
728 1203 802 1263 de
840 1203 900 1263 S.
936 1203 1226 1283 Gregorio
1254 1249 1270 1275 ,
1316 1205 1414 1263 sed
1452 1203 1786 1265 Cardinalis
1834 1205 2034 1265 Bonae

480 1307 768 1377 sequutus
794 1297 1182 1369 sententiam,
1214 1297 1368 1357 nihil
1398 1317 1604 1358 eorum
1634 1297 1852 1379 attigit,
1878 1317 2034 1377 quae

478 1393 654 1453 modo
698 1391 982 1451 diximus.
1020 1393 1222 1453 Monet
1254 1401 1453 1453 autem
1482 1437 1496 1463 ,
1530 1393 1588 1451 S.
1622 1391 1894 1473 Gregorii
1928 1413 2032 1453 au-

476 1487 814 1547 ctoritatem
846 1505 964 1545 non
992 1485 1074 1547 ita
1104 1485 1532 1565 accipiendam,
1566 1495 1634 1547 ut
1660 1487 1720 1545 S.
1756 1485 2032 1547 Pontifex

476 1579 816 1663 significare
848 1579 1130 1653 voluerit,
1164 1581 1228 1639 in
1258 1581 1730 1643 Christianorum
1766 1599 2028 1639 conven-

2083 1335 2091 1460 l

2083 1461 2089 1530 l

2081 1535 2087 1642 Ι

2099 1034 2101 1036 ’
2145 1031 2215 1071 ro
2241 1011 2589 1073 Orationem
2613 1013 3127 1083 Dominicam,aut
3151 1003 3503 1089 Symbolum
3525 1007 3695 1085 prius

2145 1107 2569 1173 catechumeni
2603 1107 3001 1179 docebantur,
3035 1117 3217 1187 quam
3245 1103 3387 1163 satis
3419 1101 3693 1161 instructi

2149 1213 2209 1265 et
2231 1205 2305 1265 ad
2336 1203 2635 1283 Baptisma
2647 1201 3089 1281 suscipiendum
3113 1197 3421 1279 probatiin
3447 1197 3693 1259 classem

2159 1295 2599 1377 Competcntium
2621 1295 3127 1376 commigrassem.
3145 1295 3299 1353 Ante
3311 1313 3491 1371 porro
3511 1311 3695 1371 quam

2149 1391 2519 1469 Baptismum
2565 1389 2931 1469 susciperent
2957 1433 2971 1459 ,
3019 1387 3367 1449 Orationem
3417 1385 3689 1445 Domini-

2141 1505 2273 1547 cam
2305 1493 2365 1545 et
2395 1483 2749 1565 Symbolum
2779 1483 3017 1563 publice
3045 1481 3415 1551 recitabant:
3449 1502 3525 1543 ex
3567 1501 3689 1563 quo

2137 1577 2247 1639 illa
2275 1577 2881 1659 originem-trahunt,
2911 1577 3135 1635 reddere
3163 1575 3493 1655 Symbolum
3511 1625 3525 1645 ,
3561 1577 3691 1635 rcci-

478 1675 640 1737 tibus
660 1677 736 1737 ad
766 1675 1136 1735 Sacrificium
1156 1675 1308 1735 nihil
1332 1675 1498 1735 aliud
1528 1675 1658 1735 fieri
1686 1675 2026 1735 consuevis-
2079 1651 2087 1747 ,Ῑ
2139 1675 2263 1733 dere
2299 1671 2625 1731 Orationem
2647 1673 3021 1731 Dominicam.
3053 1671 3145 1729 Ex
3167 1669 3391 1749 quibus
3411 1669 3693 1731 omnibus

478 1789 562 1843 se,
584 1791 768 1849 quam
800 1779 868 1831 ut
896 1769 1106 1831 Oratio
1130 1769 1520 1831 Dominicalis
1542 1769 1860 1843 diceretur,
1884 1790 2026 1831 con-
2079 1751 2085 1797 '
2135 1767 2339 1849 quivis
2372 1767 2545 1827 facile
2575 1767 2871 1847 intelligat
2903 1813 2917 1839 ‚
2947 1767 3347 1847 quamobrem
3383 1765 3445 1825 in
3477 1765 3687 1825 Officio

474 1875 842 1937 secraretur,
878 1874 935 1925 et
964 1865 1548 1927 communicaretur:
1590 1867 1770 1945 idque
1812 1867 2028 1945 probat

474 1961 826 2023 auctoritate
854 1961 926 2019 D.
962 1959 1132 2020 Pauli
1166 1961 1316 2037 ,qui
1348 1959 1410 2019 in
1440 1961 1702 2041 epistolis
1718 1963 1892 2041 jubet
1924 1961 2026 2021 Fi·
2131 1977 2277 2019 voce
2335 1959 2545 2019 Oratio
2597 1957 2909 2017 Dominica
2971 1955 3339 2017 recitaretur.
3405 1955 3683 2017 Infideles

472 2055 634 2117 deles
678 2055 906 2117 versari
956 2055 1020 2113 in
1057 2055 1350 2127 Psalmis,
1390 2057 1684 2137 HymniS,
1722 2057 1980 2117 Canticis
2006 2101 2022 2131 ,

474 2149 888 2221 Orationibus,
904 2147 1470 2227 precationibusque
1491 2169 1598 2229 pro
1618 2149 1899 2211 omnibus
1918 2151 2028 2213 bo·-

478 2243 744 2303 minibus
770 2289 786 2315 ,
818 2263 884 2303 ac
912 2261 1024 2321 pro
1052 2241 1316 2321 Regibus
1346 2263 1360 2301 ε
1392 2241 1652 2321 denique
1680 2244 1982 2305 concludit
2008 2287 2024 2319 ,
2086 2297 2087 2301 ,

476 2337 708 2397 etiamsi
760 2335 1024 2415 Apostoli
1080 2335 1312 2395 nullam
1350 2335 1682 2417 Liturgiam
1730 2337 2028 2399 condidis-

472 2439 628 2501 sent,
640 2429 948 2511 magisque
970 2437 1164 2489 tutum
1187 2437 1492 2509 putassent
1514 2451 1620 2509 per
1646 2431 2030 2493 traditionem

476 2523 780 2605 Episcopis
812 2569 826 2595 ,
864 2543 1016 2603 quos
1044 2533 1494 2597 consecrarent,
1536 2545 1706 2587 suam
1736 2527 1890 2589 tradi
1918 2527 2026 2589 do-

470 2619 746 2689 ctrinam,
782 2617 836 2678 id
870 2628 1064 2679 tamen
1094 2640 1212 2678 non
1248 2621 1348 2678 diu
1384 2621 1712 2700 perdurare
1738 2621 2020 2702 potuisse3

472 2716 864 2792 quamohrem
894 2722 992 2773 aut
1040 2714 1244 2792 paullo
1270 2724 1400 2794 post
1432 2724 1684 2776 mortem
1710 2718 2024 2798 Apostolo-

474 2828 642 2876 rum,
674 2816 778 2868 aut
808 2808 1054 2866 fortasse
1078 2808 1256 2867 ctiam
1290 2808 1432 2868 dum
1462 2808 1736 2876 viverent
1762 2856 1778 2882 ,
1818 2812 2024 2872 Litur-

470 2904 626 2984 giam
672 2902 968 2980 conceptis
1002 2904 1202 2960 verbis
1230 2924 1352 2960 csse
1384 2906 1684 2964 conditam
1714 2906 1788 2966 ad
1824 2906 2022 2968 Sacri·
2078 2972 2079 2975 ,

472 2996 718 3066 ficium3
764 3016 944 3075 quam
978 3006 1170 3056 tamen
1220 3018 1334 3054 non
1378 3018 1452 3058 ex
1488 2998 1614 3060 sola
1660 3000 2018 3064 Dominicali

466 3092 750 3152 Oratione
778 3102 834 3150 ct
864 3092 1317 3150 Consecratione
1346 3094 1660 3152 conflatam
1696 3080 1876 3156 fuisse
1918 3114 2020 3176 ap-

465 3196 634 3266 paret
662 3206 734 3246 ex
764 3186 984 3244 justini
1022 3186 1308 3266 Martyris
1338 3188 1624 3268 Apologia
1654 3194 1708 3246 2.
1746 3190 1848 3268 qui
1880 3190 2020 3252 scri-

466 3386 594 3436 tum
646 3384 876 3454 posset,
926 3374 1036 3454 legi
1080 3374 1452 3434 consuevisse
1480 3396 1552 3434 ex
1598 3378 2016 3456 Apostolorum

466 3470 702 3546 scriptis
730 3478 788 3528 et
820 3468 1276 3546 Prophetarum,
1308 3478 1366 3528 et
1390 3478 1520 3547 post
1544 3490 1673 3530 eam
1702 3472 2014 3532 lectionem

466 3564 544 3622 ab
574 3562 862 3640 'Episcopo
886 3562 1094 3620 haberi
1122 3582 1454 3622 sermonem
1480 3564 1552 3622 ad
1576 3564 1890 3642 Populum
1916 3568 2018 3626 sed

466 3656 644 3717 etiam
678 3656 1052 3714 Sacerdotem
1082 3656 1182 3734 qui
1216 3658 1562 3728 celebraret,
1592 3666 1828 3738 accepto
1858 3662 2018 3724 Pane

466 3760 526 3812 et
554 3750 778 3820 Calice,
812 3750 916 3808 ubi
955 3750 1164 3808 vinum
1192 3760 1340 3810 esset
1374 3772 1508 3810 cum
1540 3772 1694 3830 aqua
1722 3754 1974 3814 mixtum
1998 3802 2012 3826 ,

466 3854 710 3906 aeterno
758 3842 914 3902 Pau-i
970 3842 1212 3902 nomine
1242 3844 1382 3902 Filii
1412 3854 1470 3904 et
1508 3846 1768 3924 Spiritus
1818 3848 2016 3908 Sancti

468 3938 838 4000 Sacrificium
884 3938 1138 4008 offerre,
1170 3938 1400 3996 debitas
1428 3940 1834 4000 sanctissimae
1881 3942 2016 4002 Tri-

470 4034 644 4094 nitati
678 4032 884 4092 laudes
918 4032 1200 4102 tribuere,
1236 4032 1616 4110 multumque
1652 4036 1932 4114 temporis
1954 4036 2016 4096 in

462 4126 706 4208 agendis
732 4124 940 4204 gratiis
972 4134 1028 4182 et.
1054 4124 1492 4202 precationibus
1514 4146 1886 4188 consumere:
1916 4132 2018 4188 diu

462 4222 680 4302 gratias
712 4220 832 4296 aqi!
864 4266 880 4286 ,
912 4216 1142 4296 Populo
1190 4218 1590 4278 succlamante
1622 4240 1636 4278 :
1668 4222 1868 4280 Amen.
1902 4222 2018 4284 Sed

466 4314 750 4376 hactenus
782 4310 968 4384 satis:
994 4310 1244 4390 jamque
1284 4328 1356 4370 eo
1380 4354 1396 4382 ‚
1430 4312 1590 4372 unde
1628 4312 1864 4394 longius
1890 4314 2016 4376 for-

417 4412 423 4427 ¹
466 4416 616 4470 tasse
642 4452 658 4478 ‚
692 4406 792 4466 sed
824 4424 944 4464 non
974 4402 1284 4486 inutiliter
1318 4402 1568 4484 digressi
1598 4424 1808 4468 sumus
1832 4454 1848 4480 ,
1884 4416 2016 4470 tan-

468 4502 600 4562 dem
636 4498 970 4558 redeamus,
1284 4576 1288 4580 Ι
1418 4500 1420 4504 ’

590 4598 646 4654 Δι.
699 4592 984 4652 Sacerdos
1025 4590 1403 4651 Dominicai'n
1460 4590 1803 4654 Orationem
1856 4596 2014 4658 elata

463 4687 671 4749 recitat
709 4676 894 4757 voce3
929 4683 1100 4765 cujus
1125 4682 1214 4743 rei
1242 4682 1503 4744 Belletus
1530 4683 1639 4744 lib.
1676 4686 1751 4747 de
1779 4687 2014 4750 Divinis

462 4780 686 4844 Officiis
733 4797 862 4858 cap.
925 4782 1056 4837 120.
1117 4785 1434 4858 postquam
1480 4778 1831 4841 observavit
1873 4801 2009 4845 eam

458 4874 805 4937 Orationem
835 4871 896 4931 in
929 4870 1138 4933 Officio
1160 4871 1454 4933 submissa
1482 4871 1599 4933 dici
1635 4892 1777 4935 voce
1804 4920 1821 4948 ,
1844 4874 2013 4940 ,hanc

458 4971 634 5032 affert
656 4967 952 5028 rationem
984 4985 998 5024 :
1036 4961 1184 5026 Cum
1209 4965 1511 5027 Dominica
1538 4964 1743 5028 Oratio
1775 4971 1838 5028 in
1874 4970 2011 5031 Pri-

455 5083 551 5123 ma
576 5062 801 5121 dicaam
825 5078 947 5118 cocc
975 5060 1246 5118 submissa
1264 5105 1280 5127 ,
1312 5061 1438 5119 alta
1457 5069 1513 5119 ct
1543 5079 1805 5141 expressa
1823 5065 2012 5125 eudem

454 5155 863 5238 pronuucicmr
886 5154 948 5211 in
972 5151 1158 5213 Missa
1176 5199 1200 5236 g,
1231 5164 1296 5211 ut
1324 5154 1409 5212 ccl
1430 5173 1489 5212 co
1513 5166 1680 5234 pacto
1707 5157 2010 5219 adhorten-

458 5259 556 5309 tur
578 5295 594 5317 ,
623 5249 723 5325 qui
738 5247 804 5304 in
825 5246 1076 5324 fraterno
1095 5256 1226 5303 sunt
1244 5246 1380 5304 odio
1403 5292 1419 5316 ‚
1433 5323 1436 5327 .
1452 5257 1502 5305 el
1542 5248 1618 5307 ad
1655 5251 2008 5311 concordiam

457 5341 731 5403 discedes
758 5337 1074 5402 excite-ntur
1099 5349 1403 5417 antequam
1428 5345 1850 5407 communicem.
1890 5346 2004 5406 Po-

455 5437 573 5500 tior
601 5434 846 5496 fortasse
876 5430 1072 5493 videri
1095 5438 1288 5513 potest
1323 5433 1480 5495 ratio
1501 5445 1738 5514 sumpta
1777 5457 1852 5498 ex
1887 5440 2003 5500 Ar..

133 4623 272 4667 Oratio
285 4624 430 4665 Domi·

134 4680 270 4724 nie-ti·
314 4681 420 4723 elain

134 4749 225 4801 foe·
239 4795 247 4802 ·
267 4735 422 4780 dicatur

3728 1768 3873 1809 Corin
3908 1767 4015 1810 018·

3722 1822 3786 1866 eio
3805 1855 3818 1878 ,
3836 1827 3934 1867 item
3971 1834 4018 1867 ut

3723 1882 3962 1940 Symbolum
3982 1914 3995 1935 ‚

3720 1939 4019 1982 recitetur-ul»-

3723 1998 3845 2038 miua
3918 2010 4014 2038 voce

3721 2054 3865 2095 ontio
3930 2056 4015 2095 Do-

3726 2108 3941 2153 miniatis.

2132 1883 2235 1925 seu
2267 1861 2455 1925 Horis
2503 1863 2821 1923 Canonicis
2847 1863 3141 1923 submissa
3169 1907 3183 1933 ,
3221 1859 3285 1921 iu
3315 1861 3495 1921 Missa
3527 1860 3681 1923 elata

2125 2053 2309 2125 enirn,
2359 2061 2421 2113 et
2449 2051 2867 2113 Catechumeni
2915 2051 3097 2111 Horis
3121 2049 3436 2110 Canonicis
3481 2049 3683 2111 adesse

2143 2157 2421 2229 poterant
2447 2193 2463 2219 ,
2501 2147 2643 2207 huic
2669 2165 2813 2207 vero
2847 2145 3063 2207 Missae
3093 2143 3247 2225 parti
3275 2191 3291 2215 ‚
3321 2151 3391 2203 ut
3419 2143 3565 2203 alibi
3589 2143 3683 2203 di-

2139 2243 2371 2313 ximus,
2403 2261 2523 2301 non
2551 2247 2843 2321 poterant,
2871 2241 2971 2299 sed
3003 2237 3455 2319 postEvangelii
3479 2237 3689 2319 expla-

2149 2337 2457 2399 nationem
2481 2335 2743 2397 Ecclesia
2771 2335 3167 2413 pellebantur.
3193 2333 3259 2393 Id
3279 2333 3459 2393 etiam
3475 2333 3691 2395 confir-

2147 2439 2351 2493 matur
2379 2429 3245 2493 consuetudiueMonachorum
3275 2427 3335 2487 S.
3361 2427 3685 2501 Benedicti,

2145 2527 2250 2607 qui
2309 2519 2487 2587 Pater
2517 2537 2701 2585 noster
2749 2525 2823 2587 ad
2849 2525 3081 2585 Laudes
3105 2531 3165 2583 et
3207 2525 3499 2603 Vesperas
3531 2523 3687 2585 elata

2133 2642 2277 2684 voce
2309 2621 2560 2682 recitant
2589 2666 2605 2693 ,
2639 2619 2781 2700 quia
2807 2619 3289 2682 Divina-canunt·
3313 2617 3521 2680 Officia
3551 2627 3683 2678 tan-

2137 2716 2447 2786 tummodo
2493 2734 2693 2776 eoram
2737 2714 2811 2774 iis
2837 2760 2853 2788 ,
2891 2712 2997 2794 qui
3027 2722 3169 2774 sunt
3197 2734 3231 2774 e
3261 2714 3517 2774 Familia
3555 2714 3685 2774 Mo-

2131 2810 2399 2872 nasterii.

2247 2911 2305 2966 5.
2353 2906 2627 2966 Testatur
2669 2904 2729 2964 S.
2779 2902 3105 2984 Gregorius
3147 2904 3399 2984 Magnus
3451 2902 3557 2962 lib.
3613 2910 3669 2964 7.

2127 2998 2297 3086 epist.
2329 3004 2425 3058 64.
2467 2986 2675 3060 indict.
2717 3004 2775 3058 2.
2809 2998 3157 3058 Orationem
3197 2992 3581 3060 -Dominicam
3609 2998 3671 3058 in
3718 2980 4016 3082 ὥζῖζ

2129 3094 2311 3154 Missa
2357 3094 2721 3154 Graecorum
2769 3112 2889 3154 non
2921 3112 2955 3154 a
2983 3092 3295 3154 Sacerdote
3327 3094 3543 3166 solum,
3575 3094 3675 3154 sed
3717 3098 4017 3164 'vffimss

2141 3188 2219 3248 ab
2247 3188 2531 3248 universo
2549 3186 2731 3248 etiam
2757 3186 2985 3266 Populo
3015 3186 3251 3248 recitari
3283 3188 3679 3248 consuevisset
3716 3152 4017 3269 ῗηῒνᾞιιζ

2131 3281 2431 3342 Dominica
2477 3280 2683 3354 Oratio
2715 3282 2869 3360 apud
2895 3278 3133 3342 Graecos
3173 3282 3245 3339 ab
3275 3284 3429 3338 omni
3467 3280 3685 3360 Populo
3724 3281 3823 3369 ἓξ
3865 3271 4016 3368 ζζξζζ

2125 3378 2381 3444 dicitur,-
2411 3378 2565 3456 apud
2603 3396 2699 3434 nos
2733 3396 2857 3434 cero
2881 3396 2917 3436 α
2943 3378 3059 3435 solo
3103 3376 3443 3452 Sacerdote:
3491 3374 3675 3456 idque
3712 3380 3803 3427 btt-

2129 3470 2339 3530 nonin
2389 3470 2637 3530 solemni
2689 3480 2963 3542 tantum,
3013 3470 3111 3532 sed
3145 3470 3325 3532 etiarn
3351 3470 3415 3530 in
3445 3472 3683 3550 privata

2127 3564 2307 3626 Missa
2333 3610 2349 3638 ,
2389 3574 2457 3624 ut
2503 3564 2805 3646 colligitur
2845 3584 2917 3624 ex
2947 3564 3071 3626 vita
3099 3564 3157 3624 S.
3211 3564 3459 3626 Joannis
3507 3564 3679 3626 Elee-

2128 3660 2459 3740 mosynarii
2477 3658 2749 3738 Episcopi
2777 3658 3193 3732 Alexandrini,
3221 3658 3325 3738 qui
3349 3680 3485 3720 cum
3509 3658 3679 3738 prin·-

2125 3752 2313 3832 cipem
2369 3752 2689 3832 quemdam
2735 3752 2935 3812 virum
2981 3752 3163 3814 vellet
3189 3752 3253 3812 in
3299 3754 3679 3814 concordiam

2123 3866 2261 3908 cum
2297 3846 2543 3908 inimico
2569 3852 2677 3906 suo
2699 3848 3006 3920 reducere,
3043 3846 3277 3908 curavit
3305 3854 3374 3908 ut
3409 3848 3679 3927 privatae

2127 3942 2343 4004 Missae
2371 3960 2515 4002 suae
2545 3942 2813 4014 adesset,
2846 3942 2943 4000 cui
2985 3950 3219 4022 praeter
3261 3942 3677 4014 Sacerdotem,

2129 4036 2475 4096 Ministrum
2503 4082 2533 4107 ,.
2569 4044 2631 4096 et
2667 4036 2997 4116 principem
3035 4036 3211 4096 illum
3249 4036 3449 4096 virum
3507 4054 3683 4096 nemo

2127 4126 2451 4208 quisquam
2477 4130 2707 4190 aderat.
2747 4128 2897 4190 Cum
2921 4130 2997 4190 ad
3027 4130 3375 4192 Orationem
3409 4130 3683 4190 Domini-

2127 4244 2257 4284 cam
2301 4232 2549 4285 ventum
2619 4232 2737 4296 est,
2773 4244 2957 4304 quam
3007 4244 3215 4286 omnes
3255 4226 3431 4306 juxta
3473 4244 3683 4286 eorum

2125 4326 2463 4398 temporum
2487 4318 2871 4400 disciplinam
2915 4320 3287 4392 recitabant,
3319 4318 3379 4382 S.
3423 4320 3685 4380 Joannes

2127 4412 2475 4474 Ministrum
2505 4422 2699 4474 tacere
2719 4414 2919 4496 jussit,
2957 4434 3093 4474 cum
3119 4414 3193 4476 ad
3219 4434 3289 4474 ea
3319 4412 3685 4494 pervenisset

2123 4506 2311 4566 verba
2339 4506 2557 4566 dimitte
2595 4508 2751 4566 nobis
2795 4508 2979 4568 debita
3019 4518 3245 4578 nostra,
3293 4516 3473 4586 atque
3513 4506 3683 4568 illinc

2124 4598 2299 4683 abire
2326 4620 2354 4672 ;
2378 4618 2637 4678 cumque
2658 4600 2822 4659 solus
2850 4620 2986 4684 cum
3010 4618 3081 4660 eo
3107 4600 3397 4679 primario
3421 4600 3553 4660 viro
3584 4620 3679 4661 re-

2120 4690 2581 4765 mansisset„itti
2602 4692 2899 4772 persuasit
2921 4739 2938 4767 ,
2968 4699 3039 4754 ut
3063 4680 3240 4755 su'um
3271 4692 3585 4755 inimicum
3611 4694 3677 4755 in

2120 4784 2693 4867 gratiam·reciperet
2718 4807 2735 4860 3
2764 4787 2916 4848 Fecit
2939 4789 3152 4851 Missas
3177 4784 3242 4847 oi
3265 4786 3534 4850 Orator-io
3553 4809 3676 4861 mo,

2118 4880 2347 4939 nullum
2377 4881 2579 4940 habens
2614 4883 2729 4941 nisi
2757 4881 3100 4943 Ministrum
3128 4903 3315 4944 mum.
3356 4883 3503 4945 Cum
3549 4902 3679 4963 erqo

2116 4981 2316 5033 sancta
2342 4973 2707 5034 benedixisset
2729 4972 3105 5046 Patri‘archa,
3134 4986 3197 5036 ct*
3217 4970 3546 5043 &ationem
3564 4977 3679 5036 Do-

2115 5068 2386 5127 minicam
2409 5068 2747 5137 inchoasset,
2780 5082 3076 5149 coeperunt
3106 5071 3284 5131 dicore
3313 5081 3421 5131 tres
3454 5081 3678 5132 tantum

2113 5160 2212 5218 illi
2229 5179 2251 5219 .·
2279 5158 2456 5221 Pater
2479 5172 2685 5221 nostor.
2716 5162 2801 5222 Ee
2838 5183 2965 5223 eum
2993 5167 3326 5244 pervenisset
3369 5165 3446 5225 ad
3469 5179 3675 5225 sormo-

2113 5272 2240 5313 ncm
2255 5301 2272 5324 ,
2298 5273 2407 5332 quo
2429 5254 2673 5326 dicitur,
2703 5255 3115 5318 Dimiucnobis
3139 5259 3323 5319 debita
3351 5268 3546 5317 nostru
3566 5269 3668 5318 etc.

2113 5349 2308 5408 innuit
2350 5350 2641 5408 domestico
2681 5348 3031 5418 Patriotcha
3056 5399 3073 5423 ,
3112 5362 3178 5412 ut
3224 5363 3443 5415 taceret.
3486 5353 3674 5416 Siluie

2113 5446 2362 5521 argona
2383 5445 2657 5505 remansit
2696 5442 2965 5525 Princeps
2993 5448 3156 5506 solus.
3223 5513 3237 5524 ο
