<?xml version="1.0" encoding="UTF-8"?>
<!DOCTYPE html PUBLIC "-//W3C//DTD XHTML 1.0 Transitional//EN"
    "http://www.w3.org/TR/xhtml1/DTD/xhtml1-transitional.dtd">
<html xmlns="http://www.w3.org/1999/xhtml" xml:lang="en" lang="en">
 <head>
  <title>
</title>
<meta http-equiv="Content-Type" content="text/html;charset=utf-8" />
  <meta name='ocr-system' content='tesseract 3.04.00' />
  <meta name='ocr-capabilities' content='ocr_page ocr_carea ocr_par ocr_line ocrx_word'/>
</head>
<body>
  <div class='ocr_page' id='page_1' title='image "benedictixivpon00xivgoog_0115.png"; bbox 0 0 4487 6316; ppageno 0'>
   <div class='ocr_carea' id='block_1_1' title="bbox 184 906 286 962">
    <p class='ocr_par' dir='ltr' id='par_1_1' title="bbox 152 906 286 962">
     <span class='ocr_line' id='line_1_1' title="bbox 184 906 286 962; textangle 90"><span class='ocrx_word' id='word_1_1' title='bbox 184 906 286 962; x_wconf 62' lang='lat' dir='ltr'><strong><em>s</em></strong></span> 
     </span>
    </p>
   </div>
   <div class='ocr_carea' id='block_1_2' title="bbox 1788 533 3538 594">
    <p class='ocr_par' dir='ltr' id='par_1_2' title="bbox 1788 533 3538 594">
     <span class='ocr_line' id='line_1_2' title="bbox 1788 533 3538 594; baseline 0.002 -5"><span class='ocrx_word' id='word_1_2' title='bbox 1788 535 1913 590; x_wconf 66' lang='lat' dir='ltr'><strong><em>LI..</em></strong></span> <span class='ocrx_word' id='word_1_3' title='bbox 1950 535 2019 590; x_wconf 88' lang='lat'><strong><em>11.</em></strong></span> <span class='ocrx_word' id='word_1_4' title='bbox 2055 533 2205 589; x_wconf 64' lang='lat' dir='ltr'><strong><em>CAP.</em></strong></span> <span class='ocrx_word' id='word_1_5' title='bbox 2234 535 2375 594; x_wconf 79' lang='lat' dir='ltr'><strong><em>xm.</em></strong></span> <span class='ocrx_word' id='word_1_6' title='bbox 3472 540 3538 593; x_wconf 74' lang='lat'><strong><em>81</em></strong></span> 
     </span>
    </p>
   </div>
   <div class='ocr_carea' id='block_1_3' title="bbox 514 678 2067 936">
    <p class='ocr_par' dir='ltr' id='par_1_3' title="bbox 514 678 2067 936">
     <span class='ocr_line' id='line_1_3' title="bbox 514 678 2067 766; baseline -0.005 -19"><span class='ocrx_word' id='word_1_7' title='bbox 514 679 846 766; x_wconf 63' lang='lat' dir='ltr'><strong><em>maculae</em></strong></span> <span class='ocrx_word' id='word_1_8' title='bbox 858 686 952 745; x_wconf 65' lang='lat' dir='ltr'><strong><em>rel</em></strong></span> <span class='ocrx_word' id='word_1_9' title='bbox 972 681 1346 746; x_wconf 79' lang='lat' dir='ltr'><strong><em>declaramus</em></strong></span> <span class='ocrx_word' id='word_1_10' title='bbox 1365 699 1381 741; x_wconf 74' lang='lat' dir='ltr'><strong><em>t</em></strong></span> <span class='ocrx_word' id='word_1_11' title='bbox 1407 700 1511 763; x_wconf 80' lang='lat' dir='ltr'><strong><em>pro</em></strong></span> <span class='ocrx_word' id='word_1_12' title='bbox 1528 681 1729 761; x_wconf 77' lang='lat' dir='ltr'><strong><em>quibus</em></strong></span> <span class='ocrx_word' id='word_1_13' title='bbox 1760 678 1860 740; x_wconf 79' lang='lat' dir='ltr'><strong><em>tibi</em></strong></span> <span class='ocrx_word' id='word_1_14' title='bbox 1879 679 2067 762; x_wconf 77' lang='lat' dir='ltr'><strong><em>offeri-</em></strong></span> 
     </span>
     <span class='ocr_line' id='line_1_4' title="bbox 517 776 2062 860; baseline -0.003 -18"><span class='ocrx_word' id='word_1_15' title='bbox 517 801 641 842; x_wconf 78' lang='lat' dir='ltr'><strong><em>mus</em></strong></span> <span class='ocrx_word' id='word_1_16' title='bbox 664 829 681 853; x_wconf 93' lang='lat'><strong><em>,</em></strong></span> <span class='ocrx_word' id='word_1_17' title='bbox 711 783 798 842; x_wconf 70' lang='lat' dir='ltr'><strong><em>cel</em></strong></span> <span class='ocrx_word' id='word_1_18' title='bbox 817 783 920 858; x_wconf 83' lang='lat' dir='ltr'><strong><em>qui</em></strong></span> <span class='ocrx_word' id='word_1_19' title='bbox 942 781 1046 839; x_wconf 80' lang='lat' dir='ltr'><strong><em>tibi</em></strong></span> <span class='ocrx_word' id='word_1_20' title='bbox 1065 777 1304 860; x_wconf 70' lang='lat' dir='ltr'><strong><em>offerunt</em></strong></span> <span class='ocrx_word' id='word_1_21' title='bbox 1331 780 1429 838; x_wconf 77' lang='lat' dir='ltr'><strong><em>hoc</em></strong></span> <span class='ocrx_word' id='word_1_22' title='bbox 1459 776 1819 858; x_wconf 76' lang='lat' dir='ltr'><strong><em>Sacrificium</em></strong></span> <span class='ocrx_word' id='word_1_23' title='bbox 1857 780 2062 838; x_wconf 72' lang='lat' dir='ltr'><strong><em>laudis.</em></strong></span> 
     </span>
     <span class='ocr_line' id='line_1_5' title="bbox 637 870 2067 936; baseline -0.003 0"><span class='ocrx_word' id='word_1_24' title='bbox 637 880 731 936; x_wconf 84' lang='lat'><strong><em>11.</em></strong></span> <span class='ocrx_word' id='word_1_25' title='bbox 765 873 1031 936; x_wconf 77' lang='lat' dir='ltr'>Celebris</span> <span class='ocrx_word' id='word_1_26' title='bbox 1054 873 1218 934; x_wconf 84' lang='lat' dir='ltr'><strong><em>locus</em></strong></span> <span class='ocrx_word' id='word_1_27' title='bbox 1236 880 1326 933; x_wconf 84' lang='lat' dir='ltr'><strong><em>est</em></strong></span> <span class='ocrx_word' id='word_1_28' title='bbox 1353 871 1707 933; x_wconf 86' lang='lat' dir='ltr'><strong><em>Tertulliani</em></strong></span> <span class='ocrx_word' id='word_1_29' title='bbox 1733 871 1807 932; x_wconf 88' lang='lat' dir='ltr'><strong><em>de</em></strong></span> <span class='ocrx_word' id='word_1_30' title='bbox 1828 870 2067 932; x_wconf 77' lang='lat' dir='ltr'><strong><em>Exhor-</em></strong></span> 
     </span>
    </p>
   </div>
   <div class='ocr_carea' id='block_1_4' title="bbox 183 919 2074 1462">
    <p class='ocr_par' dir='ltr' id='par_1_4' title="bbox 183 919 2074 1462">
     <span class='ocr_line' id='line_1_6' title="bbox 352 919 472 949; baseline 0 0"><span class='ocrx_word' id='word_1_31' title='bbox 352 919 472 949; x_wconf 61' lang='lat' dir='ltr'><strong><em>m</em></strong></span> 
     </span>
     <span class='ocr_line' id='line_1_7' title="bbox 185 965 2069 1063; baseline -0.003 -32"><span class='ocrx_word' id='word_1_32' title='bbox 185 965 475 1063; x_wconf 49' lang='grc' dir='ltr'><strong><em>Ἳξὲημὴῑ</em></strong></span> <span class='ocrx_word' id='word_1_33' title='bbox 516 970 741 1031; x_wconf 90' lang='lat' dir='ltr'><strong><em>tatione</em></strong></span> <span class='ocrx_word' id='word_1_34' title='bbox 765 968 1066 1030; x_wconf 88' lang='lat' dir='ltr'><strong><em>Castitatis</em></strong></span> <span class='ocrx_word' id='word_1_35' title='bbox 1102 986 1232 1048; x_wconf 89' lang='lat' dir='ltr'><strong><em>cap.</em></strong></span> <span class='ocrx_word' id='word_1_36' title='bbox 1261 973 1318 1028; x_wconf 87' lang='lat'><strong><em>7.</em></strong></span> <span class='ocrx_word' id='word_1_37' title='bbox 1353 967 1554 1028; x_wconf 79' lang='lat' dir='ltr'><strong><em>Nonne</em></strong></span> <span class='ocrx_word' id='word_1_38' title='bbox 1573 979 1624 1028; x_wconf 87' lang='lat' dir='ltr'><strong><em>et</em></strong></span> <span class='ocrx_word' id='word_1_39' title='bbox 1651 968 1786 1027; x_wconf 81' lang='lat' dir='ltr'><strong><em>laici</em></strong></span> <span class='ocrx_word' id='word_1_40' title='bbox 1808 1016 1822 1035; x_wconf 93' lang='lat'><strong><em>,</em></strong></span> <span class='ocrx_word' id='word_1_41' title='bbox 1864 965 2069 1026; x_wconf 81' lang='lat' dir='ltr'><strong><em>Sacer-</em></strong></span> 
     </span>
     <span class='ocr_line' id='line_1_8' title="bbox 183 1033 2071 1143; baseline -0.001 -23"><span class='ocrx_word' id='word_1_42' title='bbox 183 1033 261 1143; x_wconf 57' lang='lat' dir='ltr'><strong><em>:q</em></strong></span> <span class='ocrx_word' id='word_1_43' title='bbox 290 1035 476 1130; x_wconf 55' lang='lat' dir='ltr'><strong><em>ruff:</em></strong></span> <span class='ocrx_word' id='word_1_44' title='bbox 513 1064 663 1124; x_wconf 85' lang='lat' dir='ltr'><strong><em>dotes</em></strong></span> <span class='ocrx_word' id='word_1_45' title='bbox 683 1070 916 1124; x_wconf 77' lang='lat' dir='ltr'><strong><em>sumus?</em></strong></span> <span class='ocrx_word' id='word_1_46' title='bbox 939 1061 1233 1141; x_wconf 73' lang='lat' dir='ltr'><strong><em>Scriptum</em></strong></span> <span class='ocrx_word' id='word_1_47' title='bbox 1255 1073 1330 1122; x_wconf 86' lang='lat' dir='ltr'><strong><em>est</em></strong></span> <span class='ocrx_word' id='word_1_48' title='bbox 1351 1110 1364 1131; x_wconf 94' lang='lat'><strong><em>‚</em></strong></span> <span class='ocrx_word' id='word_1_49' title='bbox 1392 1062 1645 1139; x_wconf 75' lang='lat' dir='ltr'><strong><em>Reqnum</em></strong></span> <span class='ocrx_word' id='word_1_50' title='bbox 1666 1079 1880 1139; x_wconf 77' lang='lat' dir='ltr'><strong><em>quoque</em></strong></span> <span class='ocrx_word' id='word_1_51' title='bbox 1902 1078 1998 1118; x_wconf 81' lang='lat' dir='ltr'><strong><em>nos</em></strong></span> <span class='ocrx_word' id='word_1_52' title='bbox 2018 1069 2071 1119; x_wconf 85' lang='lat' dir='ltr'><strong><em>et</em></strong></span> 
     </span>
     <span class='ocr_line' id='line_1_9' title="bbox 185 1134 2072 1234; baseline -0.002 -15"><span class='ocrx_word' id='word_1_53' title='bbox 185 1134 472 1234; x_wconf 48' lang='grc' dir='ltr'><strong><em>’,ζ’ωξξῖι</em></strong></span> <span class='ocrx_word' id='word_1_54' title='bbox 515 1157 842 1220; x_wconf 71' lang='lat' dir='ltr'><strong><em>Sacerdotes</em></strong></span> <span class='ocrx_word' id='word_1_55' title='bbox 864 1157 979 1218; x_wconf 85' lang='lat' dir='ltr'><strong><em>Dso</em></strong></span> <span class='ocrx_word' id='word_1_56' title='bbox 1000 1168 1051 1218; x_wconf 89' lang='lat' dir='ltr'><strong><em>et</em></strong></span> <span class='ocrx_word' id='word_1_57' title='bbox 1076 1158 1250 1218; x_wconf 89' lang='lat' dir='ltr'><strong><em>Patri</em></strong></span> <span class='ocrx_word' id='word_1_58' title='bbox 1269 1177 1369 1217; x_wconf 78' lang='lat' dir='ltr'><strong><em>suo</em></strong></span> <span class='ocrx_word' id='word_1_59' title='bbox 1385 1157 1515 1234; x_wconf 71' lang='lat' dir='ltr'><strong><em>fecit</em></strong></span> <span class='ocrx_word' id='word_1_60' title='bbox 1520 1198 1723 1215; x_wconf 91' lang='grc'><strong>.....</strong></span> <span class='ocrx_word' id='word_1_61' title='bbox 1747 1156 1850 1214; x_wconf 79' lang='lat' dir='ltr'><strong><em>ubi</em></strong></span> <span class='ocrx_word' id='word_1_62' title='bbox 1872 1155 2072 1216; x_wconf 86' lang='lat' dir='ltr'><strong><em>Eccle-</em></strong></span> 
     </span>
     <span class='ocr_line' id='line_1_10' title="bbox 187 1248 2072 1348; baseline -0.003 -34"><span class='ocrx_word' id='word_1_63' title='bbox 187 1248 479 1348; x_wconf 48' lang='lat' dir='ltr'><strong><em>ffisfff</em></strong></span> <span class='ocrx_word' id='word_1_64' title='bbox 516 1255 735 1315; x_wconf 74' lang='lat' dir='ltr'><strong><em>siastici</em></strong></span> <span class='ocrx_word' id='word_1_65' title='bbox 754 1250 993 1315; x_wconf 69' lang='lat' dir='ltr'><strong><em>Ordinis</em></strong></span> <span class='ocrx_word' id='word_1_66' title='bbox 1011 1274 1127 1314; x_wconf 78' lang='lat' dir='ltr'><strong><em>aon</em></strong></span> <span class='ocrx_word' id='word_1_67' title='bbox 1144 1263 1221 1314; x_wconf 82' lang='lat' dir='ltr'><strong><em>est</em></strong></span> <span class='ocrx_word' id='word_1_68' title='bbox 1246 1272 1521 1313; x_wconf 72' lang='lat' dir='ltr'><strong><em>consessus</em></strong></span> <span class='ocrx_word' id='word_1_69' title='bbox 1538 1300 1553 1321; x_wconf 95' lang='lat'><strong><em>,</em></strong></span> <span class='ocrx_word' id='word_1_70' title='bbox 1579 1262 1631 1310; x_wconf 83' lang='lat' dir='ltr'><strong><em>et</em></strong></span> <span class='ocrx_word' id='word_1_71' title='bbox 1656 1249 1815 1331; x_wconf 76' lang='lat' dir='ltr'><strong><em>offers</em></strong></span> <span class='ocrx_word' id='word_1_72' title='bbox 1836 1298 1850 1320; x_wconf 91' lang='lat'><em>‚</em></span> <span class='ocrx_word' id='word_1_73' title='bbox 1876 1261 1928 1310; x_wconf 82' lang='lat' dir='ltr'><strong><em>et</em></strong></span> <span class='ocrx_word' id='word_1_74' title='bbox 1957 1252 2072 1309; x_wconf 82' lang='lat' dir='ltr'><strong><em>tin-</em></strong></span> 
     </span>
     <span class='ocr_line' id='line_1_11' title="bbox 186 1343 2074 1462; baseline 0 -58"><span class='ocrx_word' id='word_1_75' title='bbox 186 1358 325 1462; x_wconf 41' lang='grc' dir='ltr'><strong>ξιξ..</strong></span> <span class='ocrx_word' id='word_1_76' title='bbox 347 1362 480 1421; x_wconf 61' lang='lat' dir='ltr'><strong><em>upu-</em></strong></span> <span class='ocrx_word' id='word_1_77' title='bbox 518 1351 608 1427; x_wconf 70' lang='lat' dir='ltr'><strong><em>qis</em></strong></span> <span class='ocrx_word' id='word_1_78' title='bbox 634 1395 650 1419; x_wconf 91' lang='lat'><strong><em>,</em></strong></span> <span class='ocrx_word' id='word_1_79' title='bbox 680 1358 731 1409; x_wconf 87' lang='lat' dir='ltr'><strong><em>et</em></strong></span> <span class='ocrx_word' id='word_1_80' title='bbox 771 1347 1043 1410; x_wconf 80' lang='lat' dir='ltr'><strong><em>Sacerdos</em></strong></span> <span class='ocrx_word' id='word_1_81' title='bbox 1066 1369 1121 1410; x_wconf 90' lang='lat' dir='ltr'><strong><em>es</em></strong></span> <span class='ocrx_word' id='word_1_82' title='bbox 1168 1350 1271 1408; x_wconf 80' lang='lat' dir='ltr'><strong><em>tibi</em></strong></span> <span class='ocrx_word' id='word_1_83' title='bbox 1313 1348 1464 1408; x_wconf 71' lang='lat' dir='ltr'><strong><em>solus</em></strong></span> <span class='ocrx_word' id='word_1_84' title='bbox 1488 1357 1589 1406; x_wconf 81' lang='lat' dir='ltr'><strong><em>ete.</em></strong></span> <span class='ocrx_word' id='word_1_85' title='bbox 1619 1343 1808 1423; x_wconf 74' lang='lat' dir='ltr'><strong><em>Iqitur</em></strong></span> <span class='ocrx_word' id='word_1_86' title='bbox 1829 1346 1882 1404; x_wconf 88' lang='lat' dir='ltr'><strong><em>si</em></strong></span> <span class='ocrx_word' id='word_1_87' title='bbox 1912 1345 2074 1405; x_wconf 78' lang='lat' dir='ltr'><strong><em>habes</em></strong></span> 
     </span>
    </p>
   </div>
   <div class='ocr_carea' id='block_1_5' title="bbox 512 1439 2085 5101">
    <p class='ocr_par' dir='ltr' id='par_1_5' title="bbox 512 1439 2085 5101">
     <span class='ocr_line' id='line_1_12' title="bbox 512 1439 2075 1521; baseline -0.003 -18"><span class='ocrx_word' id='word_1_88' title='bbox 512 1443 614 1520; x_wconf 72' lang='lat' dir='ltr'><strong><em>jus</em></strong></span> <span class='ocrx_word' id='word_1_89' title='bbox 646 1441 964 1503; x_wconf 69' lang='lat' dir='ltr'><strong><em>Sacerdotis</em></strong></span> <span class='ocrx_word' id='word_1_90' title='bbox 988 1445 1050 1502; x_wconf 85' lang='lat' dir='ltr'><strong><em>in</em></strong></span> <span class='ocrx_word' id='word_1_91' title='bbox 1074 1445 1354 1521; x_wconf 82' lang='lat' dir='ltr'><strong><em>temetipso</em></strong></span> <span class='ocrx_word' id='word_1_92' title='bbox 1375 1442 1474 1500; x_wconf 81' lang='lat' dir='ltr'><strong><em>ubi</em></strong></span> <span class='ocrx_word' id='word_1_93' title='bbox 1492 1459 1697 1499; x_wconf 81' lang='lat' dir='ltr'><strong><em>necesse</em></strong></span> <span class='ocrx_word' id='word_1_94' title='bbox 1716 1449 1793 1498; x_wconf 84' lang='lat' dir='ltr'><strong><em>est</em></strong></span> <span class='ocrx_word' id='word_1_95' title='bbox 1812 1486 1827 1509; x_wconf 94' lang='lat'><strong><em>,</em></strong></span> <span class='ocrx_word' id='word_1_96' title='bbox 1875 1439 2075 1498; x_wconf 78' lang='lat' dir='ltr'><strong><em>habeas</em></strong></span> 
     </span>
     <span class='ocr_line' id='line_1_13' title="bbox 518 1527 2078 1617; baseline -0.003 -21"><span class='ocrx_word' id='word_1_97' title='bbox 518 1527 729 1617; x_wconf 81' lang='lat' dir='ltr'><strong><em>oportet</em></strong></span> <span class='ocrx_word' id='word_1_98' title='bbox 760 1539 930 1599; x_wconf 83' lang='lat' dir='ltr'><strong><em>etiam</em></strong></span> <span class='ocrx_word' id='word_1_99' title='bbox 955 1538 1316 1617; x_wconf 70' lang='lat' dir='ltr'><strong><em>disciplinam</em></strong></span> <span class='ocrx_word' id='word_1_100' title='bbox 1340 1534 1658 1596; x_wconf 72' lang='lat' dir='ltr'><strong><em>Sacerdotis</em></strong></span> <span class='ocrx_word' id='word_1_101' title='bbox 1684 1582 1700 1605; x_wconf 92' lang='lat'><strong><em>,</em></strong></span> <span class='ocrx_word' id='word_1_102' title='bbox 1744 1534 1847 1592; x_wconf 75' lang='lat' dir='ltr'><strong><em>ubi</em></strong></span> <span class='ocrx_word' id='word_1_103' title='bbox 1873 1552 2078 1593; x_wconf 75' lang='lat' dir='ltr'><strong><em>necesse</em></strong></span> 
     </span>
     <span class='ocr_line' id='line_1_14' title="bbox 514 1628 2079 1710; baseline -0.002 -19"><span class='ocrx_word' id='word_1_104' title='bbox 514 1633 591 1691; x_wconf 81' lang='lat' dir='ltr'><strong><em>sit</em></strong></span> <span class='ocrx_word' id='word_1_105' title='bbox 612 1632 808 1693; x_wconf 79' lang='lat' dir='ltr'><strong><em>habere</em></strong></span> <span class='ocrx_word' id='word_1_106' title='bbox 820 1633 920 1710; x_wconf 77' lang='lat' dir='ltr'><strong><em>jus</em></strong></span> <span class='ocrx_word' id='word_1_107' title='bbox 932 1629 1270 1692; x_wconf 80' lang='lat' dir='ltr'><strong><em>Sacerdotis.</em></strong></span> <span class='ocrx_word' id='word_1_108' title='bbox 1282 1628 1559 1691; x_wconf 85' lang='lat' dir='ltr'><strong><em>Celebris</em></strong></span> <span class='ocrx_word' id='word_1_109' title='bbox 1578 1628 1719 1689; x_wconf 86' lang='lat' dir='ltr'><strong><em>item</em></strong></span> <span class='ocrx_word' id='word_1_110' title='bbox 1739 1635 2079 1689; x_wconf 82' lang='lat' dir='ltr'><strong><em>controver-</em></strong></span> 
     </span>
     <span class='ocr_line' id='line_1_15' title="bbox 518 1721 2072 1805; baseline -0.002 -19"><span class='ocrx_word' id='word_1_111' title='bbox 518 1724 609 1787; x_wconf 84' lang='lat' dir='ltr'><strong><em>sia</em></strong></span> <span class='ocrx_word' id='word_1_112' title='bbox 636 1732 728 1786; x_wconf 84' lang='lat' dir='ltr'><strong><em>est</em></strong></span> <span class='ocrx_word' id='word_1_113' title='bbox 753 1771 771 1798; x_wconf 99' lang='lat'><strong><em>,</em></strong></span> <span class='ocrx_word' id='word_1_114' title='bbox 813 1744 971 1805; x_wconf 85' lang='lat' dir='ltr'><strong><em>quae</em></strong></span> <span class='ocrx_word' id='word_1_115' title='bbox 1013 1745 1090 1786; x_wconf 88' lang='lat' dir='ltr'><strong><em>ex</em></strong></span> <span class='ocrx_word' id='word_1_116' title='bbox 1121 1724 1243 1786; x_wconf 73' lang='lat' dir='ltr'><strong><em>illa</em></strong></span> <span class='ocrx_word' id='word_1_117' title='bbox 1263 1744 1408 1786; x_wconf 77' lang='lat' dir='ltr'><strong><em>voce</em></strong></span> <span class='ocrx_word' id='word_1_118' title='bbox 1438 1722 1601 1804; x_wconf 73' lang='lat' dir='ltr'><strong><em>offers</em></strong></span> <span class='ocrx_word' id='word_1_119' title='bbox 1626 1722 1883 1783; x_wconf 79' lang='lat' dir='ltr'><strong><em>excitata</em></strong></span> <span class='ocrx_word' id='word_1_120' title='bbox 1914 1721 2072 1783; x_wconf 82' lang='lat' dir='ltr'><strong><em>fuit:</em></strong></span> 
     </span>
     <span class='ocr_line' id='line_1_16' title="bbox 518 1815 2079 1901; baseline -0.002 -20"><span class='ocrx_word' id='word_1_121' title='bbox 518 1820 770 1901; x_wconf 77' lang='lat' dir='ltr'><strong><em>quidam</em></strong></span> <span class='ocrx_word' id='word_1_122' title='bbox 796 1820 961 1881; x_wconf 90' lang='lat' dir='ltr'><strong><em>enim</em></strong></span> <span class='ocrx_word' id='word_1_123' title='bbox 983 1818 1429 1880; x_wconf 87' lang='lat' dir='ltr'><strong><em>Tertullianum</em></strong></span> <span class='ocrx_word' id='word_1_124' title='bbox 1459 1817 1523 1878; x_wconf 90' lang='lat' dir='ltr'><strong><em>in</em></strong></span> <span class='ocrx_word' id='word_1_125' title='bbox 1554 1836 1623 1879; x_wconf 91' lang='lat' dir='ltr'><strong><em>ea</em></strong></span> <span class='ocrx_word' id='word_1_126' title='bbox 1656 1815 1838 1878; x_wconf 82' lang='lat' dir='ltr'><strong><em>fuisse</em></strong></span> <span class='ocrx_word' id='word_1_127' title='bbox 1864 1823 2079 1897; x_wconf 88' lang='lat' dir='ltr'><strong><em>putant</em></strong></span> 
     </span>
     <span class='ocr_line' id='line_1_17' title="bbox 518 1909 2081 1993; baseline -0.003 -18"><span class='ocrx_word' id='word_1_128' title='bbox 518 1913 807 1993; x_wconf 87' lang='lat' dir='ltr'><strong><em>opinione</em></strong></span> <span class='ocrx_word' id='word_1_129' title='bbox 833 1958 850 1986; x_wconf 94' lang='lat'><strong><em>,</em></strong></span> <span class='ocrx_word' id='word_1_130' title='bbox 894 1921 965 1974; x_wconf 92' lang='lat' dir='ltr'><strong><em>ut</em></strong></span> <span class='ocrx_word' id='word_1_131' title='bbox 988 1912 1095 1973; x_wconf 93' lang='lat' dir='ltr'><strong><em>ubi</em></strong></span> <span class='ocrx_word' id='word_1_132' title='bbox 1120 1912 1276 1974; x_wconf 89' lang='lat' dir='ltr'><strong><em>absit</em></strong></span> <span class='ocrx_word' id='word_1_133' title='bbox 1299 1912 1584 1974; x_wconf 73' lang='lat' dir='ltr'><strong><em>Sacerdos</em></strong></span> <span class='ocrx_word' id='word_1_134' title='bbox 1609 1956 1626 1982; x_wconf 96' lang='lat'><strong><em>,</em></strong></span> <span class='ocrx_word' id='word_1_135' title='bbox 1656 1909 1836 1971; x_wconf 90' lang='lat' dir='ltr'><strong><em>etiam</em></strong></span> <span class='ocrx_word' id='word_1_136' title='bbox 1868 1909 2081 1971; x_wconf 87' lang='lat' dir='ltr'><strong><em>Laicus</em></strong></span> 
     </span>
     <span class='ocr_line' id='line_1_18' title="bbox 520 2003 2079 2087; baseline -0.004 -17"><span class='ocrx_word' id='word_1_137' title='bbox 520 2027 867 2070; x_wconf 86' lang='lat' dir='ltr'><strong><em>consecrare</em></strong></span> <span class='ocrx_word' id='word_1_138' title='bbox 888 2007 1118 2087; x_wconf 87' lang='lat' dir='ltr'><strong><em>possit·;</em></strong></span> <span class='ocrx_word' id='word_1_139' title='bbox 1144 2007 1331 2086; x_wconf 89' lang='lat' dir='ltr'><strong><em>idque</em></strong></span> <span class='ocrx_word' id='word_1_140' title='bbox 1351 2015 1422 2068; x_wconf 91' lang='lat' dir='ltr'><strong><em>ut</em></strong></span> <span class='ocrx_word' id='word_1_141' title='bbox 1445 2004 1805 2066; x_wconf 85' lang='lat' dir='ltr'><strong><em>confirment</em></strong></span> <span class='ocrx_word' id='word_1_142' title='bbox 1831 2051 1847 2078; x_wconf 95' lang='lat'><strong><em>,</em></strong></span> <span class='ocrx_word' id='word_1_143' title='bbox 1881 2003 2079 2067; x_wconf 89' lang='lat' dir='ltr'><strong><em>locum</em></strong></span> 
     </span>
     <span class='ocr_line' id='line_1_19' title="bbox 522 2098 2073 2182; baseline -0.004 -19"><span class='ocrx_word' id='word_1_144' title='bbox 522 2100 840 2182; x_wconf 81' lang='lat' dir='ltr'><strong><em>proferunt</em></strong></span> <span class='ocrx_word' id='word_1_145' title='bbox 866 2099 1223 2163; x_wconf 88' lang='lat' dir='ltr'><strong><em>Theodoreti</em></strong></span> <span class='ocrx_word' id='word_1_146' title='bbox 1254 2099 1414 2162; x_wconf 89' lang='lat' dir='ltr'><strong><em>Eccl.</em></strong></span> <span class='ocrx_word' id='word_1_147' title='bbox 1449 2098 1676 2162; x_wconf 82' lang='lat' dir='ltr'><strong><em>Hister.</em></strong></span> <span class='ocrx_word' id='word_1_148' title='bbox 1713 2098 1820 2160; x_wconf 87' lang='lat' dir='ltr'><strong><em>lib.</em></strong></span> <span class='ocrx_word' id='word_1_149' title='bbox 1857 2102 1911 2157; x_wconf 86' lang='lat'><strong><em>1.</em></strong></span> <span class='ocrx_word' id='word_1_150' title='bbox 1943 2115 2073 2177; x_wconf 90' lang='lat' dir='ltr'><strong><em>cap.</em></strong></span> 
     </span>
     <span class='ocr_line' id='line_1_20' title="bbox 526 2192 2083 2276; baseline -0.005 -16"><span class='ocrx_word' id='word_1_151' title='bbox 526 2202 626 2260; x_wconf 78' lang='lat'><strong><em>23.</em></strong></span> <span class='ocrx_word' id='word_1_152' title='bbox 657 2196 763 2276; x_wconf 85' lang='lat' dir='ltr'><strong><em>qui</em></strong></span> <span class='ocrx_word' id='word_1_153' title='bbox 808 2195 1229 2258; x_wconf 87' lang='lat' dir='ltr'><strong><em>Frumentium</em></strong></span> <span class='ocrx_word' id='word_1_154' title='bbox 1258 2194 1580 2274; x_wconf 86' lang='lat' dir='ltr'><strong><em>quemdam</em></strong></span> <span class='ocrx_word' id='word_1_155' title='bbox 1610 2192 1831 2255; x_wconf 84' lang='lat' dir='ltr'><strong><em>laicum</em></strong></span> <span class='ocrx_word' id='word_1_156' title='bbox 1872 2198 2083 2252; x_wconf 89' lang='lat' dir='ltr'><strong><em>narrat</em></strong></span> 
     </span>
     <span class='ocr_line' id='line_1_21' title="bbox 521 2281 2078 2368; baseline -0.005 -16"><span class='ocrx_word' id='word_1_157' title='bbox 521 2289 587 2354; x_wconf 91' lang='lat' dir='ltr'><strong><em>in</em></strong></span> <span class='ocrx_word' id='word_1_158' title='bbox 631 2288 996 2351; x_wconf 73' lang='lat' dir='ltr'><strong><em>Alexandria</em></strong></span> <span class='ocrx_word' id='word_1_159' title='bbox 1020 2281 1325 2349; x_wconf 56' lang='lat' dir='ltr'><strong><em>ad‹‘1ndos</em></strong></span> <span class='ocrx_word' id='word_1_160' title='bbox 1366 2286 1698 2368; x_wconf 73' lang='lat' dir='ltr'><strong><em>profectum</em></strong></span> <span class='ocrx_word' id='word_1_161' title='bbox 1726 2331 1743 2358; x_wconf 92' lang='lat'><strong><em>,</em></strong></span> <span class='ocrx_word' id='word_1_162' title='bbox 1771 2285 1879 2346; x_wconf 88' lang='lat' dir='ltr'><strong><em>ubi</em></strong></span> <span class='ocrx_word' id='word_1_163' title='bbox 1922 2282 2078 2345; x_wconf 84' lang='lat' dir='ltr'><strong><em>nulli</em></strong></span> 
     </span>
     <span class='ocr_line' id='line_1_22' title="bbox 520 2379 2082 2463; baseline -0.004 -18"><span class='ocrx_word' id='word_1_164' title='bbox 520 2392 698 2446; x_wconf 90' lang='lat' dir='ltr'><strong><em>erant</em></strong></span> <span class='ocrx_word' id='word_1_165' title='bbox 725 2401 920 2463; x_wconf 82' lang='lat' dir='ltr'><strong><em>neque</em></strong></span> <span class='ocrx_word' id='word_1_166' title='bbox 940 2382 1215 2463; x_wconf 78' lang='lat' dir='ltr'><strong><em>Episcopi</em></strong></span> <span class='ocrx_word' id='word_1_167' title='bbox 1251 2401 1448 2463; x_wconf 88' lang='lat' dir='ltr'><strong><em>neque</em></strong></span> <span class='ocrx_word' id='word_1_168' title='bbox 1489 2379 1828 2462; x_wconf 57' lang='lat' dir='ltr'><strong><em>Presbyteri</em></strong></span> <span class='ocrx_word' id='word_1_169' title='bbox 1859 2426 1876 2453; x_wconf 94' lang='lat'><strong><em>,</em></strong></span> <span class='ocrx_word' id='word_1_170' title='bbox 1911 2397 2082 2441; x_wconf 89' lang='lat' dir='ltr'><strong><em>cum-</em></strong></span> 
     </span>
     <span class='ocr_line' id='line_1_23' title="bbox 520 2474 2085 2560; baseline -0.004 -20"><span class='ocrx_word' id='word_1_171' title='bbox 520 2498 642 2560; x_wconf 85' lang='lat' dir='ltr'><strong><em>que</em></strong></span> <span class='ocrx_word' id='word_1_172' title='bbox 663 2478 740 2540; x_wconf 90' lang='lat' dir='ltr'><strong><em>ad</em></strong></span> <span class='ocrx_word' id='word_1_173' title='bbox 766 2478 985 2539; x_wconf 80' lang='lat' dir='ltr'><strong><em>Christi</em></strong></span> <span class='ocrx_word' id='word_1_174' title='bbox 1016 2475 1225 2539; x_wconf 88' lang='lat' dir='ltr'><strong><em>Fidem</em></strong></span> <span class='ocrx_word' id='word_1_175' title='bbox 1249 2476 1484 2556; x_wconf 88' lang='lat' dir='ltr'><strong><em>aliquot</em></strong></span> <span class='ocrx_word' id='word_1_176' title='bbox 1503 2474 1890 2536; x_wconf 80' lang='lat' dir='ltr'><strong><em>convertisset</em></strong></span> <span class='ocrx_word' id='word_1_177' title='bbox 1914 2521 1930 2548; x_wconf 93' lang='lat'><strong><em>,</em></strong></span> <span class='ocrx_word' id='word_1_178' title='bbox 1959 2475 2085 2555; x_wconf 89' lang='lat' dir='ltr'><strong><em>jus-</em></strong></span> 
     </span>
     <span class='ocr_line' id='line_1_24' title="bbox 516 2571 2084 2648; baseline -0.004 -13"><span class='ocrx_word' id='word_1_179' title='bbox 516 2574 662 2635; x_wconf 85' lang='lat' dir='ltr'><strong><em>sisse</em></strong></span> <span class='ocrx_word' id='word_1_180' title='bbox 688 2592 790 2634; x_wconf 91' lang='lat' dir='ltr'><strong><em>eos</em></strong></span> <span class='ocrx_word' id='word_1_181' title='bbox 814 2574 876 2634; x_wconf 90' lang='lat' dir='ltr'><strong><em>in</em></strong></span> <span class='ocrx_word' id='word_1_182' title='bbox 917 2571 1458 2633; x_wconf 85' lang='lat' dir='ltr'><strong><em>uuum-convenire</em></strong></span> <span class='ocrx_word' id='word_1_183' title='bbox 1483 2616 1499 2643; x_wconf 93' lang='lat'><strong><em>,</em></strong></span> <span class='ocrx_word' id='word_1_184' title='bbox 1534 2587 1750 2648; x_wconf 59' lang='lat' dir='ltr'><strong><em>rosque</em></strong></span> <span class='ocrx_word' id='word_1_185' title='bbox 1774 2588 1974 2630; x_wconf 87' lang='lat' dir='ltr'><strong><em>sacras</em></strong></span> <span class='ocrx_word' id='word_1_186' title='bbox 1992 2588 2084 2630; x_wconf 92' lang='lat' dir='ltr'><strong><em>ce-</em></strong></span> 
     </span>
     <span class='ocr_line' id='line_1_25' title="bbox 519 2662 2083 2747; baseline -0.004 -17"><span class='ocrx_word' id='word_1_187' title='bbox 519 2669 756 2730; x_wconf 88' lang='lat' dir='ltr'><strong><em>lebrare</em></strong></span> <span class='ocrx_word' id='word_1_188' title='bbox 776 2714 791 2742; x_wconf 92' lang='lat'>‚</span> <span class='ocrx_word' id='word_1_189' title='bbox 841 2667 1347 2747; x_wconf 86' lang='lat' dir='ltr'><strong><em>quemadmodum</em></strong></span> <span class='ocrx_word' id='word_1_190' title='bbox 1392 2665 1459 2725; x_wconf 91' lang='lat' dir='ltr'><strong><em>in</em></strong></span> <span class='ocrx_word' id='word_1_191' title='bbox 1507 2666 1777 2725; x_wconf 84' lang='lat' dir='ltr'><strong><em>Romano</em></strong></span> <span class='ocrx_word' id='word_1_192' title='bbox 1821 2662 2083 2744; x_wconf 89' lang='lat' dir='ltr'><strong><em>Imperio</em></strong></span> 
     </span>
     <span class='ocr_line' id='line_1_26' title="bbox 521 2757 2082 2840; baseline -0.006 -16"><span class='ocrx_word' id='word_1_193' title='bbox 521 2781 649 2824; x_wconf 89' lang='lat' dir='ltr'><strong><em>mos</em></strong></span> <span class='ocrx_word' id='word_1_194' title='bbox 669 2769 838 2823; x_wconf 89' lang='lat' dir='ltr'><strong><em>esset.</em></strong></span> <span class='ocrx_word' id='word_1_195' title='bbox 861 2762 952 2823; x_wconf 89' lang='lat' dir='ltr'><strong><em>Ea</em></strong></span> <span class='ocrx_word' id='word_1_196' title='bbox 978 2760 1053 2823; x_wconf 93' lang='lat' dir='ltr'><strong><em>de</em></strong></span> <span class='ocrx_word' id='word_1_197' title='bbox 1082 2781 1148 2822; x_wconf 92' lang='lat' dir='ltr'><strong><em>re</em></strong></span> <span class='ocrx_word' id='word_1_198' title='bbox 1175 2759 1485 2840; x_wconf 89' lang='lat' dir='ltr'><strong><em>superiore</em></strong></span> <span class='ocrx_word' id='word_1_199' title='bbox 1518 2757 1799 2837; x_wconf 77' lang='lat' dir='ltr'><strong><em>proximo</em></strong></span> <span class='ocrx_word' id='word_1_200' title='bbox 1831 2757 2082 2836; x_wconf 90' lang='lat' dir='ltr'><strong><em>scripse-</em></strong></span> 
     </span>
     <span class='ocr_line' id='line_1_27' title="bbox 522 2849 2079 2934; baseline -0.004 -17"><span class='ocrx_word' id='word_1_201' title='bbox 522 2863 665 2917; x_wconf 88' lang='lat' dir='ltr'><strong><em>runt</em></strong></span> <span class='ocrx_word' id='word_1_202' title='bbox 682 2853 919 2917; x_wconf 88' lang='lat' dir='ltr'><strong><em>saeculo</em></strong></span> <span class='ocrx_word' id='word_1_203' title='bbox 942 2853 1119 2934; x_wconf 78' lang='lat' dir='ltr'><strong><em>Ilugo</em></strong></span> <span class='ocrx_word' id='word_1_204' title='bbox 1140 2853 1407 2921; x_wconf 88' lang='lat' dir='ltr'><strong><em>Grotius,</em></strong></span> <span class='ocrx_word' id='word_1_205' title='bbox 1439 2850 1764 2933; x_wconf 79' lang='lat' dir='ltr'><strong><em>Dionysius</em></strong></span> <span class='ocrx_word' id='word_1_206' title='bbox 1780 2849 2079 2923; x_wconf 81' lang='lat' dir='ltr'><strong><em>Petavius,</em></strong></span> 
     </span>
     <span class='ocr_line' id='line_1_28' title="bbox 522 2942 2081 3028; baseline -0.002 -21"><span class='ocrx_word' id='word_1_207' title='bbox 522 2947 778 3010; x_wconf 74' lang='lat' dir='ltr'><strong><em>loannes</em></strong></span> <span class='ocrx_word' id='word_1_208' title='bbox 808 2946 1289 3028; x_wconf 84' lang='lat' dir='ltr'><strong><em>Clopenburgius</em></strong></span> <span class='ocrx_word' id='word_1_209' title='bbox 1313 2991 1329 3018; x_wconf 97' lang='lat'><strong><em>,</em></strong></span> <span class='ocrx_word' id='word_1_210' title='bbox 1363 2953 1424 3007; x_wconf 89' lang='lat' dir='ltr'><strong><em>et</em></strong></span> <span class='ocrx_word' id='word_1_211' title='bbox 1451 2944 1756 3006; x_wconf 87' lang='lat' dir='ltr'><strong><em>Henricus</em></strong></span> <span class='ocrx_word' id='word_1_212' title='bbox 1786 2942 2081 3005; x_wconf 78' lang='lat' dir='ltr'><strong><em>Dodvvel-</em></strong></span> 
     </span>
     <span class='ocr_line' id='line_1_29' title="bbox 522 3037 2083 3122; baseline -0.003 -18"><span class='ocrx_word' id='word_1_213' title='bbox 522 3039 650 3114; x_wconf 72' lang='lat' dir='ltr'><strong><em>lus:</em></strong></span> <span class='ocrx_word' id='word_1_214' title='bbox 691 3061 955 3122; x_wconf 89' lang='lat' dir='ltr'><strong><em>quorum</em></strong></span> <span class='ocrx_word' id='word_1_215' title='bbox 987 3040 1442 3102; x_wconf 86' lang='lat' dir='ltr'><strong><em>Dissertationes</em></strong></span> <span class='ocrx_word' id='word_1_216' title='bbox 1477 3038 1542 3099; x_wconf 90' lang='lat' dir='ltr'><strong><em>in</em></strong></span> <span class='ocrx_word' id='word_1_217' title='bbox 1578 3057 1767 3099; x_wconf 88' lang='lat' dir='ltr'><strong><em>unum</em></strong></span> <span class='ocrx_word' id='word_1_218' title='bbox 1800 3037 2083 3101; x_wconf 74' lang='lat' dir='ltr'><strong><em>collectae</em></strong></span> 
     </span>
     <span class='ocr_line' id='line_1_30' title="bbox 523 3131 2084 3217; baseline -0.001 -18"><span class='ocrx_word' id='word_1_219' title='bbox 523 3136 806 3199; x_wconf 74' lang='lat' dir='ltr'><strong><em>volumen</em></strong></span> <span class='ocrx_word' id='word_1_220' title='bbox 835 3131 1113 3217; x_wconf 75' lang='lat' dir='ltr'><strong><em>prodiere</em></strong></span> <span class='ocrx_word' id='word_1_221' title='bbox 1132 3134 1388 3217; x_wconf 80' lang='lat' dir='ltr'><strong><em>Londini</em></strong></span> <span class='ocrx_word' id='word_1_222' title='bbox 1410 3145 1556 3197; x_wconf 86' lang='lat' dir='ltr'><strong><em>ann.</em></strong></span> <span class='ocrx_word' id='word_1_223' title='bbox 1593 3138 1767 3196; x_wconf 84' lang='grc'><strong>1685.</strong></span> <span class='ocrx_word' id='word_1_224' title='bbox 1796 3133 1908 3195; x_wconf 87' lang='lat' dir='ltr'><strong><em>His</em></strong></span> <span class='ocrx_word' id='word_1_225' title='bbox 1928 3132 2084 3197; x_wconf 86' lang='lat' dir='ltr'><strong><em>adde</em></strong></span> 
     </span>
     <span class='ocr_line' id='line_1_31' title="bbox 525 3229 2084 3313; baseline -0.002 -17"><span class='ocrx_word' id='word_1_226' title='bbox 525 3231 995 3313; x_wconf 78' lang='lat' dir='ltr'><strong><em>Albaspinaeum&#39;</em></strong></span> <span class='ocrx_word' id='word_1_227' title='bbox 1044 3231 1108 3292; x_wconf 89' lang='lat' dir='ltr'><strong><em>in</em></strong></span> <span class='ocrx_word' id='word_1_228' title='bbox 1154 3239 1409 3303; x_wconf 77' lang='lat' dir='ltr'><strong><em>tractatu</em></strong></span> <span class='ocrx_word' id='word_1_229' title='bbox 1451 3230 1526 3292; x_wconf 91' lang='lat' dir='ltr'><strong><em>de</em></strong></span> <span class='ocrx_word' id='word_1_230' title='bbox 1563 3229 2084 3294; x_wconf 69' lang='lat' dir='ltr'><strong><em>administratione</em></strong></span> 
     </span>
     <span class='ocr_line' id='line_1_32' title="bbox 524 3322 2081 3407; baseline -0.003 -18"><span class='ocrx_word' id='word_1_231' title='bbox 524 3325 936 3389; x_wconf 72' lang='lat' dir='ltr'><strong><em>Eucharistiae</em></strong></span> <span class='ocrx_word' id='word_1_232' title='bbox 974 3325 1082 3387; x_wconf 92' lang='lat' dir='ltr'><strong><em>lib.</em></strong></span> <span class='ocrx_word' id='word_1_233' title='bbox 1128 3331 1188 3386; x_wconf 75' lang='lat'><strong><em>2.</em></strong></span> <span class='ocrx_word' id='word_1_234' title='bbox 1223 3345 1353 3405; x_wconf 88' lang='lat' dir='ltr'><strong><em>cap.</em></strong></span> <span class='ocrx_word' id='word_1_235' title='bbox 1393 3331 1453 3386; x_wconf 89' lang='lat'><strong><em>8.</em></strong></span> <span class='ocrx_word' id='word_1_236' title='bbox 1483 3324 1561 3386; x_wconf 87' lang='lat' dir='ltr'><strong><em>ad</em></strong></span> <span class='ocrx_word' id='word_1_237' title='bbox 1591 3325 1763 3407; x_wconf 87' lang='lat' dir='ltr'><strong><em>cujus</em></strong></span> <span class='ocrx_word' id='word_1_238' title='bbox 1788 3323 1931 3385; x_wconf 87' lang='lat' dir='ltr'><strong><em>libri</em></strong></span> <span class='ocrx_word' id='word_1_239' title='bbox 1957 3322 2081 3386; x_wconf 89' lang='lat' dir='ltr'><strong><em>cal-</em></strong></span> 
     </span>
     <span class='ocr_line' id='line_1_33' title="bbox 525 3417 2084 3502; baseline -0.003 -18"><span class='ocrx_word' id='word_1_240' title='bbox 525 3440 655 3484; x_wconf 87' lang='lat' dir='ltr'><strong><em>cem</em></strong></span> <span class='ocrx_word' id='word_1_241' title='bbox 683 3420 844 3482; x_wconf 89' lang='lat' dir='ltr'><strong><em>edita</em></strong></span> <span class='ocrx_word' id='word_1_242' title='bbox 869 3429 959 3482; x_wconf 86' lang='lat' dir='ltr'><strong><em>est</em></strong></span> <span class='ocrx_word' id='word_1_243' title='bbox 981 3420 1223 3502; x_wconf 84' lang='lat' dir='ltr'><strong><em>Rigaltii</em></strong></span> <span class='ocrx_word' id='word_1_244' title='bbox 1243 3465 1260 3493; x_wconf 91' lang='lat'><strong><em>,</em></strong></span> <span class='ocrx_word' id='word_1_245' title='bbox 1291 3420 1397 3499; x_wconf 85' lang='lat' dir='ltr'><strong><em>qui</em></strong></span> <span class='ocrx_word' id='word_1_246' title='bbox 1429 3418 1766 3481; x_wconf 86' lang='lat' dir='ltr'><strong><em>Galliarum</em></strong></span> <span class='ocrx_word' id='word_1_247' title='bbox 1793 3417 1938 3500; x_wconf 83' lang='lat' dir='ltr'><strong><em>Regi</em></strong></span> <span class='ocrx_word' id='word_1_248' title='bbox 1966 3417 2084 3480; x_wconf 80' lang='lat' dir='ltr'><strong><em>fuit</em></strong></span> 
     </span>
     <span class='ocr_line' id='line_1_34' title="bbox 525 3512 2081 3595; baseline -0.002 -17"><span class='ocrx_word' id='word_1_249' title='bbox 525 3530 563 3578; x_wconf 84' lang='lat' dir='ltr'><strong><em>a</em></strong></span> <span class='ocrx_word' id='word_1_250' title='bbox 592 3514 993 3587; x_wconf 88' lang='lat' dir='ltr'><strong><em>Bibliotheca,</em></strong></span> <span class='ocrx_word' id='word_1_251' title='bbox 1030 3514 1109 3576; x_wconf 87' lang='lat' dir='ltr'><strong><em>ad</em></strong></span> <span class='ocrx_word' id='word_1_252' title='bbox 1138 3513 1608 3595; x_wconf 82' lang='lat' dir='ltr'><strong><em>Albaspinaeum</em></strong></span> <span class='ocrx_word' id='word_1_253' title='bbox 1642 3513 1718 3575; x_wconf 92' lang='lat' dir='ltr'><strong><em>de</em></strong></span> <span class='ocrx_word' id='word_1_254' title='bbox 1758 3512 1873 3575; x_wconf 87' lang='lat' dir='ltr'><strong><em>hoc</em></strong></span> <span class='ocrx_word' id='word_1_255' title='bbox 1897 3532 2081 3595; x_wconf 89' lang='lat' dir='ltr'><strong><em>argu-</em></strong></span> 
     </span>
     <span class='ocr_line' id='line_1_35' title="bbox 527 3606 2081 3688; baseline -0.001 -18"><span class='ocrx_word' id='word_1_256' title='bbox 527 3615 729 3670; x_wconf 84' lang='lat' dir='ltr'><strong><em>mento</em></strong></span> <span class='ocrx_word' id='word_1_257' title='bbox 768 3607 1055 3688; x_wconf 82' lang='lat' dir='ltr'><strong><em>Epistola.</em></strong></span> <span class='ocrx_word' id='word_1_258' title='bbox 1097 3609 1192 3668; x_wconf 81' lang='lat' dir='ltr'><strong><em>Ex</em></strong></span> <span class='ocrx_word' id='word_1_259' title='bbox 1229 3607 1668 3688; x_wconf 89' lang='lat' dir='ltr'><strong><em>Scriptoribus,</em></strong></span> <span class='ocrx_word' id='word_1_260' title='bbox 1710 3626 1863 3687; x_wconf 85' lang='lat' dir='ltr'><strong><em>quos</em></strong></span> <span class='ocrx_word' id='word_1_261' title='bbox 1902 3606 2081 3668; x_wconf 90' lang='lat' dir='ltr'><strong><em>modo</em></strong></span> 
     </span>
     <span class='ocr_line' id='line_1_36' title="bbox 523 3700 2081 3782; baseline -0.002 -19"><span class='ocrx_word' id='word_1_262' title='bbox 523 3701 1001 3775; x_wconf 80' lang='lat' dir='ltr'><strong><em>nominavimus,</em></strong></span> <span class='ocrx_word' id='word_1_263' title='bbox 1031 3702 1279 3782; x_wconf 90' lang='lat' dir='ltr'><strong><em>quidam</em></strong></span> <span class='ocrx_word' id='word_1_264' title='bbox 1307 3700 1670 3763; x_wconf 85' lang='lat' dir='ltr'><strong><em>Heterodoxi</em></strong></span> <span class='ocrx_word' id='word_1_265' title='bbox 1697 3709 1871 3773; x_wconf 88' lang='lat' dir='ltr'><strong><em>sunt,</em></strong></span> <span class='ocrx_word' id='word_1_266' title='bbox 1902 3700 2081 3780; x_wconf 86' lang='lat' dir='ltr'><strong><em>quid-</em></strong></span> 
     </span>
     <span class='ocr_line' id='line_1_37' title="bbox 521 3795 2080 3877; baseline -0.002 -18"><span class='ocrx_word' id='word_1_267' title='bbox 521 3797 662 3859; x_wconf 82' lang='lat' dir='ltr'><strong><em>dam</em></strong></span> <span class='ocrx_word' id='word_1_268' title='bbox 689 3816 833 3858; x_wconf 86' lang='lat' dir='ltr'><strong><em>vero</em></strong></span> <span class='ocrx_word' id='word_1_269' title='bbox 861 3796 1202 3859; x_wconf 83' lang='lat' dir='ltr'><strong><em>Catholicae</em></strong></span> <span class='ocrx_word' id='word_1_270' title='bbox 1222 3796 1390 3857; x_wconf 86' lang='lat' dir='ltr'><strong><em>Fidei</em></strong></span> <span class='ocrx_word' id='word_1_271' title='bbox 1419 3795 1643 3877; x_wconf 79' lang='lat' dir='ltr'><strong><em>egregii</em></strong></span> <span class='ocrx_word' id='word_1_272' title='bbox 1674 3803 2080 3877; x_wconf 84' lang='lat' dir='ltr'><strong><em>propugnato-</em></strong></span> 
     </span>
     <span class='ocr_line' id='line_1_38' title="bbox 522 3889 2081 3972; baseline -0.003 -18"><span class='ocrx_word' id='word_1_273' title='bbox 522 3912 650 3964; x_wconf 80' lang='lat' dir='ltr'><strong><em>res,</em></strong></span> <span class='ocrx_word' id='word_1_274' title='bbox 698 3911 852 3972; x_wconf 88' lang='lat' dir='ltr'><strong><em>quos</em></strong></span> <span class='ocrx_word' id='word_1_275' title='bbox 896 3892 1055 3952; x_wconf 89' lang='lat' dir='ltr'><strong><em>inter</em></strong></span> <span class='ocrx_word' id='word_1_276' title='bbox 1094 3890 1372 3952; x_wconf 89' lang='lat' dir='ltr'><strong><em>censendi</em></strong></span> <span class='ocrx_word' id='word_1_277' title='bbox 1414 3898 1557 3952; x_wconf 88' lang='lat' dir='ltr'><strong><em>sunt</em></strong></span> <span class='ocrx_word' id='word_1_278' title='bbox 1598 3897 1834 3971; x_wconf 87' lang='lat' dir='ltr'><strong><em>praeter</em></strong></span> <span class='ocrx_word' id='word_1_279' title='bbox 1875 3889 2081 3971; x_wconf 83' lang='lat' dir='ltr'><strong><em>Rigal-</em></strong></span> 
     </span>
     <span class='ocr_line' id='line_1_39' title="bbox 528 3983 2082 4066; baseline -0.001 -18"><span class='ocrx_word' id='word_1_280' title='bbox 528 3986 704 4061; x_wconf 86' lang='lat' dir='ltr'><strong><em>tium,</em></strong></span> <span class='ocrx_word' id='word_1_281' title='bbox 735 3985 1016 4048; x_wconf 76' lang='lat' dir='ltr'><strong><em>Petavius</em></strong></span> <span class='ocrx_word' id='word_1_282' title='bbox 1045 3992 1107 4047; x_wconf 91' lang='lat' dir='ltr'><strong><em>et</em></strong></span> <span class='ocrx_word' id='word_1_283' title='bbox 1129 3984 1585 4066; x_wconf 83' lang='lat' dir='ltr'><strong><em>Albaspinaeus,</em></strong></span> <span class='ocrx_word' id='word_1_284' title='bbox 1613 3984 1721 4065; x_wconf 87' lang='lat' dir='ltr'><strong><em>qui</em></strong></span> <span class='ocrx_word' id='word_1_285' title='bbox 1742 3983 2082 4047; x_wconf 75' lang='lat' dir='ltr'><strong><em>lumlenter</em></strong></span> 
     </span>
     <span class='ocr_line' id='line_1_40' title="bbox 526 4075 2081 4161; baseline -0.003 -19"><span class='ocrx_word' id='word_1_286' title='bbox 526 4079 1018 4143; x_wconf 54' lang='lat' dir='ltr'><strong><em>&amp;monstrarunt</em></strong></span> <span class='ocrx_word' id='word_1_287' title='bbox 1047 4099 1193 4140; x_wconf 81' lang='lat' dir='ltr'><strong><em>voce</em></strong></span> <span class='ocrx_word' id='word_1_288' title='bbox 1217 4079 1412 4161; x_wconf 75' lang='lat' dir='ltr'><strong><em>offerre</em></strong></span> <span class='ocrx_word' id='word_1_289' title='bbox 1437 4097 1560 4140; x_wconf 89' lang='lat' dir='ltr'><strong><em>non</em></strong></span> <span class='ocrx_word' id='word_1_290' title='bbox 1586 4095 1821 4158; x_wconf 85' lang='lat' dir='ltr'><strong><em>semper</em></strong></span> <span class='ocrx_word' id='word_1_291' title='bbox 1845 4075 2081 4159; x_wconf 87' lang='lat' dir='ltr'><strong><em>signifi-</em></strong></span> 
     </span>
     <span class='ocr_line' id='line_1_41' title="bbox 528 4169 2080 4251; baseline -0.005 -14"><span class='ocrx_word' id='word_1_292' title='bbox 528 4173 655 4237; x_wconf 80' lang='lat' dir='ltr'><strong><em>cari</em></strong></span> <span class='ocrx_word' id='word_1_293' title='bbox 695 4193 1046 4241; x_wconf 78' lang='lat' dir='ltr'><strong><em>consecrare,-</em></strong></span> <span class='ocrx_word' id='word_1_294' title='bbox 1090 4171 1472 4233; x_wconf 87' lang='lat' dir='ltr'><strong><em>Oblationem</em></strong></span> <span class='ocrx_word' id='word_1_295' title='bbox 1510 4178 1852 4251; x_wconf 88' lang='lat' dir='ltr'><strong><em>separatum</em></strong></span> <span class='ocrx_word' id='word_1_296' title='bbox 1899 4169 2080 4251; x_wconf 77' lang='lat' dir='ltr'><strong><em>quid-</em></strong></span> 
     </span>
     <span class='ocr_line' id='line_1_42' title="bbox 526 4262 2081 4349; baseline -0.003 -19"><span class='ocrx_word' id='word_1_297' title='bbox 526 4267 667 4331; x_wconf 79' lang='lat' dir='ltr'><strong><em>dam</em></strong></span> <span class='ocrx_word' id='word_1_298' title='bbox 707 4268 1164 4349; x_wconf 87' lang='lat' dir='ltr'><strong><em>sejunctumque</em></strong></span> <span class='ocrx_word' id='word_1_299' title='bbox 1203 4282 1331 4326; x_wconf 71' lang='lat' dir='ltr'><strong><em>esse</em></strong></span> <span class='ocrx_word' id='word_1_300' title='bbox 1366 4282 1404 4326; x_wconf 89' lang='lat' dir='ltr'><strong><em>a</em></strong></span> <span class='ocrx_word' id='word_1_301' title='bbox 1439 4262 1928 4336; x_wconf 86' lang='lat' dir='ltr'><strong><em>Consecratione;</em></strong></span> <span class='ocrx_word' id='word_1_302' title='bbox 1969 4283 2081 4325; x_wconf 89' lang='lat' dir='ltr'><strong><em>nec</em></strong></span> 
     </span>
     <span class='ocr_line' id='line_1_43' title="bbox 528 4357 2079 4441; baseline -0.004 -17"><span class='ocrx_word' id='word_1_303' title='bbox 528 4361 858 4424; x_wconf 74' lang='lat' dir='ltr'><strong><em>verisimile</em></strong></span> <span class='ocrx_word' id='word_1_304' title='bbox 898 4359 1183 4441; x_wconf 86' lang='lat' dir='ltr'><strong><em>cuiquam</em></strong></span> <span class='ocrx_word' id='word_1_305' title='bbox 1232 4357 1364 4420; x_wconf 83' lang='lat' dir='ltr'><strong><em>fieri</em></strong></span> <span class='ocrx_word' id='word_1_306' title='bbox 1402 4370 1572 4438; x_wconf 74' lang='lat' dir='ltr'><strong><em>posse</em></strong></span> <span class='ocrx_word' id='word_1_307' title='bbox 1591 4403 1608 4431; x_wconf 91' lang='lat'>‚</span> <span class='ocrx_word' id='word_1_308' title='bbox 1638 4357 2079 4420; x_wconf 83' lang='lat' dir='ltr'><strong><em>Tertullianum</em></strong></span> 
     </span>
     <span class='ocr_line' id='line_1_44' title="bbox 528 4451 2080 4533; baseline -0.004 -13"><span class='ocrx_word' id='word_1_309' title='bbox 528 4456 780 4520; x_wconf 80' lang='lat' dir='ltr'><strong><em>nescisse</em></strong></span> <span class='ocrx_word' id='word_1_310' title='bbox 807 4454 1019 4518; x_wconf 72' lang='lat' dir='ltr'><strong><em>aetafis</em></strong></span> <span class='ocrx_word' id='word_1_311' title='bbox 1045 4472 1190 4517; x_wconf 85' lang='lat' dir='ltr'><strong><em>suae</em></strong></span> <span class='ocrx_word' id='word_1_312' title='bbox 1213 4451 1614 4533; x_wconf 82' lang='lat' dir='ltr'><strong><em>disciplinam,</em></strong></span> <span class='ocrx_word' id='word_1_313' title='bbox 1644 4471 1767 4532; x_wconf 84' lang='lat' dir='ltr'><strong><em>qua</em></strong></span> <span class='ocrx_word' id='word_1_314' title='bbox 1792 4451 2080 4515; x_wconf 88' lang='lat' dir='ltr'><strong><em>Sacerdo-</em></strong></span> 
     </span>
     <span class='ocr_line' id='line_1_45' title="bbox 527 4545 2083 4628; baseline -0.004 -14"><span class='ocrx_word' id='word_1_315' title='bbox 527 4558 614 4614; x_wconf 89' lang='lat' dir='ltr'><strong><em>tcs</em></strong></span> <span class='ocrx_word' id='word_1_316' title='bbox 640 4549 983 4613; x_wconf 87' lang='lat' dir='ltr'><strong><em>clanculum</em></strong></span> <span class='ocrx_word' id='word_1_317' title='bbox 1011 4548 1089 4611; x_wconf 90' lang='lat' dir='ltr'><strong><em>ad</em></strong></span> <span class='ocrx_word' id='word_1_318' title='bbox 1133 4567 1267 4621; x_wconf 84' lang='lat' dir='ltr'><strong><em>eos,</em></strong></span> <span class='ocrx_word' id='word_1_319' title='bbox 1295 4546 1402 4628; x_wconf 90' lang='lat' dir='ltr'><strong><em>qui</em></strong></span> <span class='ocrx_word' id='word_1_320' title='bbox 1448 4545 1513 4607; x_wconf 89' lang='lat' dir='ltr'><strong><em>in</em></strong></span> <span class='ocrx_word' id='word_1_321' title='bbox 1539 4545 1797 4627; x_wconf 81' lang='lat' dir='ltr'><strong><em>publicis</em></strong></span> <span class='ocrx_word' id='word_1_322' title='bbox 1821 4547 2083 4619; x_wconf 69' lang='lat' dir='ltr'><strong><em>vinculis</em></strong></span> 
     </span>
     <span class='ocr_line' id='line_1_46' title="bbox 524 4639 2080 4721; baseline -0.003 -13"><span class='ocrx_word' id='word_1_323' title='bbox 524 4653 750 4718; x_wconf 76' lang='lat' dir='ltr'><strong><em>essent,</em></strong></span> <span class='ocrx_word' id='word_1_324' title='bbox 784 4643 1177 4705; x_wconf 83' lang='lat' dir='ltr'><strong><em>mittebantur</em></strong></span> <span class='ocrx_word' id='word_1_325' title='bbox 1193 4688 1210 4716; x_wconf 94' lang='lat'><strong><em>,</em></strong></span> <span class='ocrx_word' id='word_1_326' title='bbox 1241 4640 1585 4721; x_wconf 85' lang='lat' dir='ltr'><strong><em>Christique</em></strong></span> <span class='ocrx_word' id='word_1_327' title='bbox 1628 4639 2080 4704; x_wconf 82' lang='lat' dir='ltr'><strong><em>Confessoribus</em></strong></span> 
     </span>
     <span class='ocr_line' id='line_1_47' title="bbox 524 4735 2077 4816; baseline -0.003 -13"><span class='ocrx_word' id='word_1_328' title='bbox 524 4740 589 4802; x_wconf 86' lang='lat' dir='ltr'><strong><em>in</em></strong></span> <span class='ocrx_word' id='word_1_329' title='bbox 630 4758 869 4802; x_wconf 83' lang='lat' dir='ltr'><strong><em>carcere</em></strong></span> <span class='ocrx_word' id='word_1_330' title='bbox 909 4737 1165 4799; x_wconf 85' lang='lat' dir='ltr'><strong><em>detentis</em></strong></span> <span class='ocrx_word' id='word_1_331' title='bbox 1191 4735 1632 4798; x_wconf 87' lang='lat' dir='ltr'><strong><em>Eucharistiam</em></strong></span> <span class='ocrx_word' id='word_1_332' title='bbox 1676 4736 2077 4816; x_wconf 73' lang='lat' dir='ltr'><strong><em>praebebant:</em></strong></span> 
     </span>
     <span class='ocr_line' id='line_1_48' title="bbox 526 4828 2074 4916; baseline -0.003 -20"><span class='ocrx_word' id='word_1_333' title='bbox 526 4835 688 4916; x_wconf 81' lang='lat' dir='ltr'><strong><em>quod</em></strong></span> <span class='ocrx_word' id='word_1_334' title='bbox 723 4832 970 4913; x_wconf 86' lang='lat' dir='ltr'><strong><em>quidem</em></strong></span> <span class='ocrx_word' id='word_1_335' title='bbox 1014 4838 1527 4911; x_wconf 84' lang='lat' dir='ltr'><strong><em>supervacaneum</em></strong></span> <span class='ocrx_word' id='word_1_336' title='bbox 1566 4828 1812 4901; x_wconf 72' lang='lat' dir='ltr'><strong><em>finisset,</em></strong></span> <span class='ocrx_word' id='word_1_337' title='bbox 1852 4828 1912 4890; x_wconf 57' lang='lat' dir='ltr'><strong><em>‘si</em></strong></span> <span class='ocrx_word' id='word_1_338' title='bbox 1957 4830 2032 4891; x_wconf 88' lang='lat' dir='ltr'><strong><em>iis</em></strong></span> <span class='ocrx_word' id='word_1_339' title='bbox 2055 4877 2074 4905; x_wconf 92' lang='lat'><strong><em>,</em></strong></span> 
     </span>
     <span class='ocr_line' id='line_1_49' title="bbox 526 4923 2078 5004; baseline -0.003 -12"><span class='ocrx_word' id='word_1_340' title='bbox 526 4927 759 4992; x_wconf 83' lang='lat' dir='ltr'><strong><em>etiamsi</em></strong></span> <span class='ocrx_word' id='word_1_341' title='bbox 801 4925 937 4988; x_wconf 84' lang='lat' dir='ltr'><strong><em>laici</em></strong></span> <span class='ocrx_word' id='word_1_342' title='bbox 979 4934 1205 4998; x_wconf 61' lang='lat' dir='ltr'><strong><em>ament,</em></strong></span> <span class='ocrx_word' id='word_1_343' title='bbox 1234 4924 1480 4986; x_wconf 88' lang='lat' dir='ltr'><strong><em>Missam</em></strong></span> <span class='ocrx_word' id='word_1_344' title='bbox 1523 4931 1766 5004; x_wconf 88' lang='lat' dir='ltr'><strong><em>propter</em></strong></span> <span class='ocrx_word' id='word_1_345' title='bbox 1791 4923 2078 4987; x_wconf 85' lang='lat' dir='ltr'><strong><em>Sacerdo-</em></strong></span> 
     </span>
     <span class='ocr_line' id='line_1_50' title="bbox 527 5017 2078 5101; baseline -0.003 -17"><span class='ocrx_word' id='word_1_346' title='bbox 527 5031 658 5093; x_wconf 76' lang='lat' dir='ltr'><strong><em>tem</em></strong></span> <span class='ocrx_word' id='word_1_347' title='bbox 680 5020 965 5101; x_wconf 52' lang='lat' dir='ltr'><strong><em>2inopiam</em></strong></span> <span class='ocrx_word' id='word_1_348' title='bbox 1005 5018 1308 5080; x_wconf 90' lang='lat' dir='ltr'><strong><em>celebrare</em></strong></span> <span class='ocrx_word' id='word_1_349' title='bbox 1343 5017 1621 5079; x_wconf 83' lang='lat' dir='ltr'><strong><em>licuisset.</em></strong></span> <span class='ocrx_word' id='word_1_350' title='bbox 1656 5017 1833 5092; x_wconf 89' lang='lat' dir='ltr'><strong><em>Quod</em></strong></span> <span class='ocrx_word' id='word_1_351' title='bbox 1876 5026 2078 5080; x_wconf 71' lang='lat' dir='ltr'><strong><em>amem</em></strong></span> 
     </span>
    </p>
   </div>
   <div class='ocr_carea' id='block_1_6' title="bbox 524 5111 2134 5201">
    <p class='ocr_par' dir='ltr' id='par_1_6' title="bbox 524 5111 2134 5201">
     <span class='ocr_line' id='line_1_51' title="bbox 524 5111 2134 5201; baseline -0.003 -21"><span class='ocrx_word' id='word_1_352' title='bbox 524 5117 602 5180; x_wconf 86' lang='lat' dir='ltr'><strong><em>de</em></strong></span> <span class='ocrx_word' id='word_1_353' title='bbox 627 5114 979 5178; x_wconf 84' lang='lat' dir='ltr'><strong><em>Frumentio</em></strong></span> <span class='ocrx_word' id='word_1_354' title='bbox 1013 5114 1296 5186; x_wconf 79' lang='lat' dir='ltr'><strong><em>affertur,</em></strong></span> <span class='ocrx_word' id='word_1_355' title='bbox 1327 5111 1387 5173; x_wconf 91' lang='lat' dir='ltr'><strong><em>id</em></strong></span> <span class='ocrx_word' id='word_1_356' title='bbox 1433 5131 1555 5173; x_wconf 90' lang='lat' dir='ltr'><strong><em>non</em></strong></span> <span class='ocrx_word' id='word_1_357' title='bbox 1597 5112 1682 5174; x_wconf 87' lang='lat' dir='ltr'><strong><em>ita</em></strong></span> <span class='ocrx_word' id='word_1_358' title='bbox 1722 5130 1966 5193; x_wconf 86' lang='lat' dir='ltr'><strong><em>prorsus</em></strong></span> <span class='ocrx_word' id='word_1_359' title='bbox 1988 5119 2079 5176; x_wconf 89' lang='lat' dir='ltr'><strong><em>est</em></strong></span> <span class='ocrx_word' id='word_1_360' title='bbox 2129 5116 2134 5201; x_wconf 67' lang='lat' dir='ltr'><strong>j</strong></span> 
     </span>
    </p>
   </div>
   <div class='ocr_carea' id='block_1_7' title="bbox 2171 675 3752 5086">
    <p class='ocr_par' dir='ltr' id='par_1_7' title="bbox 2171 675 3752 2817">
     <span class='ocr_line' id='line_1_52' title="bbox 2171 675 3722 767; baseline 0.005 -27"><span class='ocrx_word' id='word_1_361' title='bbox 2171 678 2379 741; x_wconf 88' lang='lat' dir='ltr'><strong><em>silium</em></strong></span> <span class='ocrx_word' id='word_1_362' title='bbox 2405 676 2599 755; x_wconf 84' lang='lat' dir='ltr'><strong><em>dedit,</em></strong></span> <span class='ocrx_word' id='word_1_363' title='bbox 2629 681 2732 744; x_wconf 85' lang='lat' dir='ltr'><strong><em>sed</em></strong></span> <span class='ocrx_word' id='word_1_364' title='bbox 2758 675 3535 767; x_wconf 72' lang='lat' dir='ltr'><strong><em>Romanis&#39;Mercatorihus,</em></strong></span> <span class='ocrx_word' id='word_1_365' title='bbox 3562 683 3722 750; x_wconf 77' lang='lat' dir='ltr'><strong><em>inter</em></strong></span> 
     </span>
     <span class='ocr_line' id='line_1_53' title="bbox 2174 767 3724 938; baseline 0.006 -103"><span class='ocrx_word' id='word_1_366' title='bbox 2174 793 2327 854; x_wconf 86' lang='lat' dir='ltr'><strong><em>quos</em></strong></span> <span class='ocrx_word' id='word_1_367' title='bbox 2360 775 2674 855; x_wconf 76' lang='lat' dir='ltr'><strong><em>probabile</em></strong></span> <span class='ocrx_word' id='word_1_368' title='bbox 2704 785 2791 838; x_wconf 71' lang='lat' dir='ltr'><strong><em>est</em></strong></span> <span class='ocrx_word' id='word_1_369' title='bbox 2817 777 3191 841; x_wconf 86' lang='lat' dir='ltr'><strong><em>Sacerdotem</em></strong></span> <span class='ocrx_word' id='word_1_370' title='bbox 3221 778 3304 841; x_wconf 86' lang='lat' dir='ltr'><strong><em>ali</em></strong></span> <span class='ocrx_word' id='word_1_371' title='bbox 3385 767 3724 938; x_wconf 46' lang='lat' dir='ltr'><strong><em>aab&amp;</em></strong></span> 
     </span>
     <span class='ocr_line' id='line_1_54' title="bbox 2176 795 3622 956; baseline 0.005 -26"><span class='ocrx_word' id='word_1_372' title='bbox 2176 869 2489 932; x_wconf 85' lang='lat' dir='ltr'><strong><em>Praeterea</em></strong></span> <span class='ocrx_word' id='word_1_373' title='bbox 2514 871 2703 951; x_wconf 88' lang='lat' dir='ltr'><strong><em>(quod</em></strong></span> <span class='ocrx_word' id='word_1_374' title='bbox 2729 872 3032 955; x_wconf 82' lang='lat' dir='ltr'><strong><em>colligitur</em></strong></span> <span class='ocrx_word' id='word_1_375' title='bbox 3061 894 3138 935; x_wconf 87' lang='lat' dir='ltr'><strong><em>ex</em></strong></span> <span class='ocrx_word' id='word_1_376' title='bbox 3166 795 3414 956; x_wconf 32' lang='lat' dir='ltr'><strong><em>Rufini&amp;</em></strong></span> <span class='ocrx_word' id='word_1_377' title='bbox 3547 943 3556 952; x_wconf 51' lang='lat'><em>‚</em></span> <span class='ocrx_word' id='word_1_378' title='bbox 3617 861 3672 870; x_wconf 21' lang='grc' dir='ltr'>Ἴ</span> 
     </span>
     <span class='ocr_line' id='line_1_55' title="bbox 2175 964 3618 1056; baseline 0.004 -31"><span class='ocrx_word' id='word_1_379' title='bbox 2175 964 2312 1026; x_wconf 90' lang='lat' dir='ltr'><strong><em>dem</em></strong></span> <span class='ocrx_word' id='word_1_380' title='bbox 2356 984 2484 1026; x_wconf 90' lang='lat' dir='ltr'><strong><em>rem</em></strong></span> <span class='ocrx_word' id='word_1_381' title='bbox 2529 966 2762 1046; x_wconf 87' lang='lat' dir='ltr'><strong><em>narrat)</em></strong></span> <span class='ocrx_word' id='word_1_382' title='bbox 2788 967 2990 1029; x_wconf 80' lang='lat' dir='ltr'><strong><em>verbis</em></strong></span> <span class='ocrx_word' id='word_1_383' title='bbox 3018 967 3141 1029; x_wconf 91' lang='lat' dir='ltr'><strong><em>illis</em></strong></span> <span class='ocrx_word' id='word_1_384' title='bbox 3167 969 3296 1029; x_wconf 83' lang='lat' dir='ltr'><strong><em>Fru&#39;</em></strong></span> <span class='ocrx_word' id='word_1_385' title='bbox 3347 971 3350 974; x_wconf 73' lang='grc'><strong>’</strong></span> <span class='ocrx_word' id='word_1_386' title='bbox 3411 1035 3414 1040; x_wconf 58' lang='grc'>,</span> <span class='ocrx_word' id='word_1_387' title='bbox 3517 1019 3526 1024; x_wconf 93' lang='grc'>-</span> <span class='ocrx_word' id='word_1_388' title='bbox 3595 1035 3618 1056; x_wconf 45' lang='lat' dir='ltr'>h</span> 
     </span>
     <span class='ocr_line' id='line_1_56' title="bbox 2177 1045 3729 1144; baseline 0.006 -25"><span class='ocrx_word' id='word_1_389' title='bbox 2177 1066 2368 1139; x_wconf 84' lang='lat' dir='ltr'><strong><em>potest</em></strong></span> <span class='ocrx_word' id='word_1_390' title='bbox 2393 1066 2599 1121; x_wconf 85' lang='lat' dir='ltr'><strong><em>sensus</em></strong></span> <span class='ocrx_word' id='word_1_391' title='bbox 2633 1059 3016 1141; x_wconf 87' lang='lat' dir='ltr'><strong><em>planissimus</em></strong></span> <span class='ocrx_word' id='word_1_392' title='bbox 3040 1070 3102 1124; x_wconf 87' lang='lat' dir='ltr'><strong><em>et</em></strong></span> <span class='ocrx_word' id='word_1_393' title='bbox 3121 1045 3729 1144; x_wconf 54' lang='lat' dir='ltr'><strong><em>simplifflffft</em></strong></span> 
     </span>
     <span class='ocr_line' id='line_1_57' title="bbox 2178 1151 3727 1220; baseline 0.005 -7"><span class='ocrx_word' id='word_1_394' title='bbox 2178 1151 2402 1214; x_wconf 87' lang='lat' dir='ltr'><strong><em>scilicet</em></strong></span> <span class='ocrx_word' id='word_1_395' title='bbox 2427 1153 2690 1216; x_wconf 82' lang='lat' dir='ltr'><strong><em>voluerit</em></strong></span> <span class='ocrx_word' id='word_1_396' title='bbox 2726 1173 2934 1217; x_wconf 88' lang='lat' dir='ltr'><strong><em>omnes</em></strong></span> <span class='ocrx_word' id='word_1_397' title='bbox 2959 1155 3021 1216; x_wconf 89' lang='lat' dir='ltr'><strong><em>in</em></strong></span> <span class='ocrx_word' id='word_1_398' title='bbox 3061 1176 3253 1217; x_wconf 89' lang='lat' dir='ltr'><strong><em>unum</em></strong></span> <span class='ocrx_word' id='word_1_399' title='bbox 3296 1154 3620 1218; x_wconf 82' lang='lat' dir='ltr'><strong><em>convenire</em></strong></span> <span class='ocrx_word' id='word_1_400' title='bbox 3646 1154 3727 1220; x_wconf 84' lang='lat' dir='ltr'><strong><em>ad</em></strong></span> 
     </span>
     <span class='ocr_line' id='line_1_58' title="bbox 2178 1247 3728 1333; baseline 0.004 -26"><span class='ocrx_word' id='word_1_401' title='bbox 2178 1247 2547 1325; x_wconf 71' lang='lat' dir='ltr'><strong><em>precationes</em></strong></span> <span class='ocrx_word' id='word_1_402' title='bbox 2586 1268 2752 1310; x_wconf 87' lang='lat' dir='ltr'><strong><em>more</em></strong></span> <span class='ocrx_word' id='word_1_403' title='bbox 2776 1248 3255 1312; x_wconf 87' lang='lat' dir='ltr'><strong><em>Christianorum</em></strong></span> <span class='ocrx_word' id='word_1_404' title='bbox 3282 1253 3407 1313; x_wconf 89' lang='lat' dir='ltr'><strong><em>Deo</em></strong></span> <span class='ocrx_word' id='word_1_405' title='bbox 3435 1271 3728 1333; x_wconf 67' lang='lat' dir='ltr'><strong><em>peragen-</em></strong></span> 
     </span>
     <span class='ocr_line' id='line_1_59' title="bbox 2181 1339 3727 1421; baseline 0.005 -21"><span class='ocrx_word' id='word_1_406' title='bbox 2181 1339 2306 1400; x_wconf 74' lang='lat' dir='ltr'><strong><em>daS.</em></strong></span> <span class='ocrx_word' id='word_1_407' title='bbox 2340 1341 2536 1421; x_wconf 87' lang='lat' dir='ltr'><strong><em>Atque</em></strong></span> <span class='ocrx_word' id='word_1_408' title='bbox 2560 1341 2709 1403; x_wconf 89' lang='lat' dir='ltr'><strong><em>haec</em></strong></span> <span class='ocrx_word' id='word_1_409' title='bbox 2750 1342 2891 1404; x_wconf 83' lang='lat' dir='ltr'><strong><em>satis</em></strong></span> <span class='ocrx_word' id='word_1_410' title='bbox 2933 1343 3009 1405; x_wconf 92' lang='lat' dir='ltr'><strong><em>de</em></strong></span> <span class='ocrx_word' id='word_1_411' title='bbox 3045 1344 3159 1406; x_wconf 89' lang='lat' dir='ltr'><strong><em>hac</em></strong></span> <span class='ocrx_word' id='word_1_412' title='bbox 3204 1365 3271 1407; x_wconf 87' lang='lat' dir='ltr'><strong><em>re</em></strong></span> <span class='ocrx_word' id='word_1_413' title='bbox 3302 1364 3428 1407; x_wconf 74' lang='lat' dir='ltr'><strong><em>esse</em></strong></span> <span class='ocrx_word' id='word_1_414' title='bbox 3466 1346 3727 1408; x_wconf 85' lang='lat' dir='ltr'><strong><em>arbitra-</em></strong></span> 
     </span>
     <span class='ocr_line' id='line_1_60' title="bbox 2185 1435 3732 1521; baseline 0.006 -28"><span class='ocrx_word' id='word_1_415' title='bbox 2185 1453 2343 1494; x_wconf 88' lang='lat' dir='ltr'><strong><em>mur.</em></strong></span> <span class='ocrx_word' id='word_1_416' title='bbox 2373 1435 2495 1509; x_wconf 84' lang='lat' dir='ltr'><strong><em>Qui</em></strong></span> <span class='ocrx_word' id='word_1_417' title='bbox 2524 1455 2667 1497; x_wconf 79' lang='lat' dir='ltr'><strong><em>vero</em></strong></span> <span class='ocrx_word' id='word_1_418' title='bbox 2708 1444 2899 1498; x_wconf 88' lang='lat' dir='ltr'><strong><em>totum</em></strong></span> <span class='ocrx_word' id='word_1_419' title='bbox 2939 1437 3052 1501; x_wconf 92' lang='lat' dir='ltr'><strong><em>hoc</em></strong></span> <span class='ocrx_word' id='word_1_420' title='bbox 3077 1448 3500 1521; x_wconf 88' lang='lat' dir='ltr'><strong><em>argumentum</em></strong></span> <span class='ocrx_word' id='word_1_421' title='bbox 3545 1447 3732 1520; x_wconf 79' lang='lat' dir='ltr'><strong><em>qnam</em></strong></span> 
     </span>
     <span class='ocr_line' id='line_1_61' title="bbox 2181 1529 3732 1616; baseline 0.004 -26"><span class='ocrx_word' id='word_1_422' title='bbox 2181 1529 3064 1610; x_wconf 84' lang='lat' dir='ltr'><strong><em>accuratissime-pertractatum</em></strong></span> <span class='ocrx_word' id='word_1_423' title='bbox 3078 1543 3431 1616; x_wconf 72' lang='lat' dir='ltr'><strong><em>cognoscere</em></strong></span> <span class='ocrx_word' id='word_1_424' title='bbox 3445 1532 3613 1607; x_wconf 80' lang='lat' dir='ltr'><strong><em>velit,</em></strong></span> <span class='ocrx_word' id='word_1_425' title='bbox 3627 1533 3732 1596; x_wconf 91' lang='lat' dir='ltr'><strong><em>Pe-</em></strong></span> 
     </span>
     <span class='ocr_line' id='line_1_62' title="bbox 2182 1615 3732 1720; baseline 0.004 -37"><span class='ocrx_word' id='word_1_426' title='bbox 2182 1623 2411 1684; x_wconf 81' lang='lat' dir='ltr'><strong><em>tavium</em></strong></span> <span class='ocrx_word' id='word_1_427' title='bbox 2438 1624 2613 1686; x_wconf 87' lang='lat' dir='ltr'><strong><em>adeat</em></strong></span> <span class='ocrx_word' id='word_1_428' title='bbox 2636 1633 2696 1686; x_wconf 91' lang='lat' dir='ltr'><strong><em>et</em></strong></span> <span class='ocrx_word' id='word_1_429' title='bbox 2714 1625 3204 1705; x_wconf 80' lang='lat' dir='ltr'><strong><em>Albaspinaeum,</em></strong></span> <span class='ocrx_word' id='word_1_430' title='bbox 3225 1615 3390 1720; x_wconf 46' lang='lat' dir='ltr'><strong><em>*tl</em></strong></span> <span class='ocrx_word' id='word_1_431' title='bbox 3413 1645 3569 1710; x_wconf 79' lang='lat' dir='ltr'><strong><em>quos</em></strong></span> <span class='ocrx_word' id='word_1_432' title='bbox 3590 1639 3732 1709; x_wconf 88' lang='lat' dir='ltr'><strong><em>pro-</em></strong></span> 
     </span>
     <span class='ocr_line' id='line_1_63' title="bbox 2183 1705 3732 1800; baseline 0.003 -21"><span class='ocrx_word' id='word_1_433' title='bbox 2183 1716 2337 1780; x_wconf 82' lang='lat' dir='ltr'><strong><em>fecto</em></strong></span> <span class='ocrx_word' id='word_1_434' title='bbox 2363 1719 2651 1799; x_wconf 88' lang='lat' dir='ltr'><strong><em>reperiet,</em></strong></span> <span class='ocrx_word' id='word_1_435' title='bbox 2682 1738 2806 1800; x_wconf 89' lang='lat' dir='ltr'><strong><em>quo</em></strong></span> <span class='ocrx_word' id='word_1_436' title='bbox 2830 1720 2958 1781; x_wconf 59' lang='lat' dir='ltr'><strong><em>sibi*</em></strong></span> <span class='ocrx_word' id='word_1_437' title='bbox 2976 1705 3582 1786; x_wconf 60' lang='lat' dir='ltr'><strong><em>abundeffltadat.</em></strong></span> <span class='ocrx_word' id='word_1_438' title='bbox 3608 1722 3732 1784; x_wconf 83' lang='lat' dir='ltr'><strong><em>No-</em></strong></span> 
     </span>
     <span class='ocr_line' id='line_1_64' title="bbox 2182 1807 3731 1894; baseline 0.004 -21"><span class='ocrx_word' id='word_1_439' title='bbox 2182 1811 2463 1874; x_wconf 80' lang='lat' dir='ltr'><strong><em>vissimus</em></strong></span> <span class='ocrx_word' id='word_1_440' title='bbox 2487 1807 2758 1894; x_wconf 84' lang='lat' dir='ltr'><strong><em>scriptor</em></strong></span> <span class='ocrx_word' id='word_1_441' title='bbox 2802 1814 3149 1877; x_wconf 84' lang='lat' dir='ltr'><strong><em>Herminier</em></strong></span> <span class='ocrx_word' id='word_1_442' title='bbox 3191 1823 3362 1880; x_wconf 71' lang='lat' dir='ltr'><strong><em>tnct.</em></strong></span> <span class='ocrx_word' id='word_1_443' title='bbox 3404 1813 3486 1877; x_wconf 65' lang='lat' dir='ltr'><strong><em>de&#39;</em></strong></span> <span class='ocrx_word' id='word_1_444' title='bbox 3520 1816 3731 1879; x_wconf 89' lang='lat' dir='ltr'><strong><em>Sacra-</em></strong></span> 
     </span>
     <span class='ocr_line' id='line_1_65' title="bbox 2183 1907 3733 1992; baseline 0.004 -26"><span class='ocrx_word' id='word_1_445' title='bbox 2183 1907 2403 1968; x_wconf 89' lang='lat' dir='ltr'><strong><em>mentis</em></strong></span> <span class='ocrx_word' id='word_1_446' title='bbox 2437 1915 2582 1968; x_wconf 90' lang='lat' dir='ltr'><strong><em>tom.</em></strong></span> <span class='ocrx_word' id='word_1_447' title='bbox 2616 1914 2674 1968; x_wconf 79' lang='lat'><strong><em>2.</em></strong></span> <span class='ocrx_word' id='word_1_448' title='bbox 2705 1928 2838 1989; x_wconf 88' lang='lat' dir='ltr'><strong><em>cap.</em></strong></span> <span class='ocrx_word' id='word_1_449' title='bbox 2871 1913 2969 1970; x_wconf 76' lang='lat'><strong><em>29.</em></strong></span> <span class='ocrx_word' id='word_1_450' title='bbox 3000 1909 3106 1971; x_wconf 82' lang='lat' dir='ltr'><strong><em>uhi</em></strong></span> <span class='ocrx_word' id='word_1_451' title='bbox 3151 1908 3423 1992; x_wconf 84' lang='lat' dir='ltr'><strong><em>loquitur</em></strong></span> <span class='ocrx_word' id='word_1_452' title='bbox 3447 1909 3522 1972; x_wconf 91' lang='lat' dir='ltr'><strong><em>de</em></strong></span> <span class='ocrx_word' id='word_1_453' title='bbox 3548 1910 3733 1972; x_wconf 90' lang='lat' dir='ltr'><strong><em>Mini-</em></strong></span> 
     </span>
     <span class='ocr_line' id='line_1_66' title="bbox 2185 2002 3737 2077; baseline 0.003 -16"><span class='ocrx_word' id='word_1_454' title='bbox 2185 2008 2311 2062; x_wconf 86' lang='lat' dir='ltr'><strong><em>stro</em></strong></span> <span class='ocrx_word' id='word_1_455' title='bbox 2337 2002 2771 2077; x_wconf 87' lang='lat' dir='ltr'><strong><em>Eucharistiae,</em></strong></span> <span class='ocrx_word' id='word_1_456' title='bbox 2800 2011 2986 2065; x_wconf 89' lang='lat' dir='ltr'><strong><em>totam</em></strong></span> <span class='ocrx_word' id='word_1_457' title='bbox 3012 2003 3170 2067; x_wconf 90' lang='lat' dir='ltr'><strong><em>hanc</em></strong></span> <span class='ocrx_word' id='word_1_458' title='bbox 3197 2004 3511 2067; x_wconf 89' lang='lat' dir='ltr'><strong><em>materiam</em></strong></span> <span class='ocrx_word' id='word_1_459' title='bbox 3536 2024 3613 2067; x_wconf 83' lang='lat' dir='ltr'><strong><em>ex</em></strong></span> <span class='ocrx_word' id='word_1_460' title='bbox 3638 2005 3737 2066; x_wconf 91' lang='lat' dir='ltr'><strong><em>in-</em></strong></span> 
     </span>
     <span class='ocr_line' id='line_1_67' title="bbox 2186 2097 3739 2179; baseline 0.003 -23"><span class='ocrx_word' id='word_1_461' title='bbox 2186 2103 2354 2177; x_wconf 89' lang='lat' dir='ltr'><strong><em>tegro</em></strong></span> <span class='ocrx_word' id='word_1_462' title='bbox 2382 2097 2861 2176; x_wconf 85' lang='lat' dir='ltr'><strong><em>pertractandam</em></strong></span> <span class='ocrx_word' id='word_1_463' title='bbox 2888 2098 3177 2178; x_wconf 85' lang='lat' dir='ltr'><strong><em>suscepit,</em></strong></span> <span class='ocrx_word' id='word_1_464' title='bbox 3221 2097 3557 2179; x_wconf 82' lang='lat' dir='ltr'><strong><em>explicans,</em></strong></span> <span class='ocrx_word' id='word_1_465' title='bbox 3586 2097 3739 2179; x_wconf 86' lang='lat' dir='ltr'><strong><em>quid</em></strong></span> 
     </span>
     <span class='ocr_line' id='line_1_68' title="bbox 2186 2189 3742 2278; baseline 0.003 -28"><span class='ocrx_word' id='word_1_466' title='bbox 2186 2189 2265 2250; x_wconf 88' lang='lat' dir='ltr'><strong><em>sit</em></strong></span> <span class='ocrx_word' id='word_1_467' title='bbox 2297 2190 2459 2271; x_wconf 89' lang='lat' dir='ltr'><strong><em>apud</em></strong></span> <span class='ocrx_word' id='word_1_468' title='bbox 2486 2190 2929 2252; x_wconf 84' lang='lat' dir='ltr'><strong><em>Tertullianum</em></strong></span> <span class='ocrx_word' id='word_1_469' title='bbox 2958 2192 3152 2274; x_wconf 77' lang='lat' dir='ltr'><strong><em>offerre</em></strong></span> <span class='ocrx_word' id='word_1_470' title='bbox 3191 2191 3288 2253; x_wconf 89' lang='lat' dir='ltr'><strong><em>his</em></strong></span> <span class='ocrx_word' id='word_1_471' title='bbox 3315 2192 3548 2255; x_wconf 81' lang='lat' dir='ltr'><strong><em>verbis:</em></strong></span> <span class='ocrx_word' id='word_1_472' title='bbox 3579 2193 3742 2278; x_wconf 81' lang='lat' dir='ltr'><strong><em>Dicit</em></strong></span> 
     </span>
     <span class='ocr_line' id='line_1_69' title="bbox 2186 2271 3752 2370; baseline 0.004 -26"><span class='ocrx_word' id='word_1_473' title='bbox 2186 2281 2386 2345; x_wconf 87' lang='lat' dir='ltr'><strong><em>Laicos</em></strong></span> <span class='ocrx_word' id='word_1_474' title='bbox 2414 2304 2568 2365; x_wconf 80' lang='lat' dir='ltr'><strong><em>posse</em></strong></span> <span class='ocrx_word' id='word_1_475' title='bbox 2605 2271 2831 2366; x_wconf 72' lang='lat' dir='ltr'><strong><em>offerre,</em></strong></span> <span class='ocrx_word' id='word_1_476' title='bbox 2872 2289 3122 2366; x_wconf 70' lang='lat' dir='ltr'><strong><em>intelliqe</em></strong></span> <span class='ocrx_word' id='word_1_477' title='bbox 3164 2307 3401 2349; x_wconf 78' lang='lat' dir='ltr'><strong><em>munera</em></strong></span> <span class='ocrx_word' id='word_1_478' title='bbox 3441 2298 3492 2348; x_wconf 84' lang='lat' dir='ltr'><strong><em>et</em></strong></span> <span class='ocrx_word' id='word_1_479' title='bbox 3525 2275 3752 2370; x_wconf 70' lang='lat' dir='ltr'><strong><em>preces.&#39;</em></strong></span> 
     </span>
     <span class='ocr_line' id='line_1_70' title="bbox 2187 2377 3739 2454; baseline 0.005 -16"><span class='ocrx_word' id='word_1_480' title='bbox 2187 2377 2352 2452; x_wconf 86' lang='lat' dir='ltr'><strong><em>Quid</em></strong></span> <span class='ocrx_word' id='word_1_481' title='bbox 2378 2377 2764 2441; x_wconf 88' lang='lat' dir='ltr'><strong><em>illuditidem</em></strong></span> <span class='ocrx_word' id='word_1_482' title='bbox 2791 2380 2897 2454; x_wconf 88' lang='lat' dir='ltr'><strong><em>sit,</em></strong></span> <span class='ocrx_word' id='word_1_483' title='bbox 2929 2400 3271 2444; x_wconf 79' lang='lat' dir='ltr'><strong><em>nosomnes</em></strong></span> <span class='ocrx_word' id='word_1_484' title='bbox 3302 2401 3428 2444; x_wconf 86' lang='lat' dir='ltr'><strong><em>esse</em></strong></span> <span class='ocrx_word' id='word_1_485' title='bbox 3453 2382 3739 2445; x_wconf 90' lang='lat' dir='ltr'><strong><em>Sacerdo-</em></strong></span> 
     </span>
     <span class='ocr_line' id='line_1_71' title="bbox 2186 2472 3740 2539; baseline 0.004 -6"><span class='ocrx_word' id='word_1_486' title='bbox 2186 2473 2310 2533; x_wconf 84' lang='lat' dir='ltr'><strong><em>tes:</em></strong></span> <span class='ocrx_word' id='word_1_487' title='bbox 2340 2472 2498 2534; x_wconf 84' lang='lat' dir='ltr'><strong><em>Dicit</em></strong></span> <span class='ocrx_word' id='word_1_488' title='bbox 2546 2473 2932 2536; x_wconf 68' lang='lat' dir='ltr'><strong><em>Tertullianus</em></strong></span> <span class='ocrx_word' id='word_1_489' title='bbox 2973 2495 3072 2536; x_wconf 71' lang='lat' dir='ltr'><strong><em>nos</em></strong></span> <span class='ocrx_word' id='word_1_490' title='bbox 3104 2496 3286 2536; x_wconf 80' lang='lat' dir='ltr'><strong><em>omnes</em></strong></span> <span class='ocrx_word' id='word_1_491' title='bbox 3325 2496 3432 2537; x_wconf 86' lang='lat' dir='ltr'><strong><em>esse</em></strong></span> <span class='ocrx_word' id='word_1_492' title='bbox 3464 2475 3740 2539; x_wconf 68' lang='lat' dir='ltr'><strong><em>sacerdo-³</em></strong></span> 
     </span>
     <span class='ocr_line' id='line_1_72' title="bbox 2190 2567 3737 2652; baseline 0.005 -27"><span class='ocrx_word' id='word_1_493' title='bbox 2190 2576 2299 2637; x_wconf 86' lang='lat' dir='ltr'><strong><em>tes,</em></strong></span> <span class='ocrx_word' id='word_1_494' title='bbox 2330 2568 2581 2645; x_wconf 78' lang='lat' dir='ltr'><strong><em>intelliqe</em></strong></span> <span class='ocrx_word' id='word_1_495' title='bbox 2609 2567 2935 2629; x_wconf 85' lang='lat' dir='ltr'><strong><em>Sacerdotio</em></strong></span> <span class='ocrx_word' id='word_1_496' title='bbox 2972 2571 3340 2650; x_wconf 74' lang='lat' dir='ltr'><strong><em>metaphorice</em></strong></span> <span class='ocrx_word' id='word_1_497' title='bbox 3382 2582 3600 2652; x_wconf 79' lang='lat' dir='ltr'><strong><em>sumpto</em></strong></span> <span class='ocrx_word' id='word_1_498' title='bbox 3635 2583 3737 2634; x_wconf 85' lang='lat' dir='ltr'><strong><em>etc.</em></strong></span> 
     </span>
     <span class='ocr_line' id='line_1_73' title="bbox 2190 2659 3744 2748; baseline 0.005 -27"><span class='ocrx_word' id='word_1_499' title='bbox 2190 2659 2347 2721; x_wconf 85' lang='lat' dir='ltr'><strong><em>Dicit</em></strong></span> <span class='ocrx_word' id='word_1_500' title='bbox 2376 2660 2574 2723; x_wconf 83' lang='lat' dir='ltr'><strong><em>Laicos</em></strong></span> <span class='ocrx_word' id='word_1_501' title='bbox 2602 2662 2996 2725; x_wconf 67' lang='lat' dir='ltr'><strong><em>Sacer-dotalia</em></strong></span> <span class='ocrx_word' id='word_1_502' title='bbox 3022 2685 3256 2727; x_wconf 70' lang='lat' dir='ltr'><strong><em>munera</em></strong></span> <span class='ocrx_word' id='word_1_503' title='bbox 3281 2667 3461 2736; x_wconf 73' lang='lat' dir='ltr'><strong><em>obire,</em></strong></span> <span class='ocrx_word' id='word_1_504' title='bbox 3492 2667 3744 2748; x_wconf 62' lang='lat' dir='ltr'><strong><em>intellige</em></strong></span> 
     </span>
     <span class='ocr_line' id='line_1_74' title="bbox 2187 2756 3476 2817; baseline 0.002 -2"><span class='ocrx_word' id='word_1_505' title='bbox 2187 2773 2318 2815; x_wconf 77' lang='lat' dir='ltr'><strong><em>cum</em></strong></span> <span class='ocrx_word' id='word_1_506' title='bbox 2344 2756 2574 2815; x_wconf 78' lang='lat' dir='ltr'><strong><em>credunt</em></strong></span> <span class='ocrx_word' id='word_1_507' title='bbox 2601 2766 2654 2816; x_wconf 83' lang='lat' dir='ltr'><strong><em>et</em></strong></span> <span class='ocrx_word' id='word_1_508' title='bbox 2680 2767 2867 2817; x_wconf 71' lang='lat' dir='ltr'><strong><em>orant.</em></strong></span> <span class='ocrx_word' id='word_1_509' title='bbox 3473 2783 3476 2786; x_wconf 52' lang='grc'>“</span> 
     </span>
    </p>

    <p class='ocr_par' dir='ltr' id='par_1_8' title="bbox 2182 2850 3752 5086">
     <span class='ocr_line' id='line_1_75' title="bbox 2312 2850 3743 2934; baseline 0.005 -25"><span class='ocrx_word' id='word_1_510' title='bbox 2312 2854 2406 2910; x_wconf 78' lang='lat'><strong><em>12.</em></strong></span> <span class='ocrx_word' id='word_1_511' title='bbox 2437 2850 2515 2911; x_wconf 89' lang='lat' dir='ltr'><strong><em>Et</em></strong></span> <span class='ocrx_word' id='word_1_512' title='bbox 2545 2857 2614 2928; x_wconf 78' lang='lat' dir='ltr'><strong><em>ut</em></strong></span> <span class='ocrx_word' id='word_1_513' title='bbox 2645 2869 2719 2911; x_wconf 90' lang='lat' dir='ltr'><strong><em>eo</em></strong></span> <span class='ocrx_word' id='word_1_514' title='bbox 2749 2850 3162 2934; x_wconf 81' lang='lat' dir='ltr'><strong><em>regrediamur</em></strong></span> <span class='ocrx_word' id='word_1_515' title='bbox 3182 2852 3344 2933; x_wconf 86' lang='lat' dir='ltr'><strong><em>quod</em></strong></span> <span class='ocrx_word' id='word_1_516' title='bbox 3377 2853 3455 2914; x_wconf 88' lang='lat' dir='ltr'><strong><em>ad</em></strong></span> <span class='ocrx_word' id='word_1_517' title='bbox 3481 2853 3743 2916; x_wconf 83' lang='lat' dir='ltr'><strong><em>Canonis</em></strong></span> 
     </span>
     <span class='ocr_line' id='line_1_76' title="bbox 2188 2942 3735 3024; baseline 0.003 -18"><span class='ocrx_word' id='word_1_518' title='bbox 2188 2942 2538 3006; x_wconf 80' lang='lat' dir='ltr'><strong><em>Orationem</em></strong></span> <span class='ocrx_word' id='word_1_519' title='bbox 2584 2943 2881 3024; x_wconf 75' lang='lat' dir='ltr'><strong><em>pertinet,</em></strong></span> <span class='ocrx_word' id='word_1_520' title='bbox 2934 2947 3318 3010; x_wconf 82' lang='lat' dir='ltr'><strong><em>Innocentius</em></strong></span> <span class='ocrx_word' id='word_1_521' title='bbox 3357 2949 3469 3009; x_wconf 85' lang='lat'><strong><em>111.</em></strong></span> <span class='ocrx_word' id='word_1_522' title='bbox 3519 2947 3627 3011; x_wconf 92' lang='lat' dir='ltr'><strong><em>lib.</em></strong></span> <span class='ocrx_word' id='word_1_523' title='bbox 3674 2953 3735 3011; x_wconf 80' lang='lat'><strong><em>3.</em></strong></span> 
     </span>
     <span class='ocr_line' id='line_1_77' title="bbox 2189 3036 3744 3122; baseline 0.005 -24"><span class='ocrx_word' id='word_1_524' title='bbox 2189 3036 2265 3099; x_wconf 90' lang='lat' dir='ltr'><strong><em>de</em></strong></span> <span class='ocrx_word' id='word_1_525' title='bbox 2292 3037 2598 3119; x_wconf 79' lang='lat' dir='ltr'><strong><em>Mysteriis</em></strong></span> <span class='ocrx_word' id='word_1_526' title='bbox 2629 3038 2846 3100; x_wconf 77' lang='lat' dir='ltr'><strong><em>Missae</em></strong></span> <span class='ocrx_word' id='word_1_527' title='bbox 2891 3059 3022 3122; x_wconf 88' lang='lat' dir='ltr'><strong><em>cap.</em></strong></span> <span class='ocrx_word' id='word_1_528' title='bbox 3060 3046 3118 3100; x_wconf 89' lang='lat'><strong><em>5.</em></strong></span> <span class='ocrx_word' id='word_1_529' title='bbox 3165 3040 3364 3114; x_wconf 88' lang='lat' dir='ltr'><strong><em>docet,</em></strong></span> <span class='ocrx_word' id='word_1_530' title='bbox 3403 3061 3524 3103; x_wconf 87' lang='lat' dir='ltr'><strong><em>non</em></strong></span> <span class='ocrx_word' id='word_1_531' title='bbox 3563 3043 3744 3106; x_wconf 88' lang='lat' dir='ltr'><strong><em>modo</em></strong></span> 
     </span>
     <span class='ocr_line' id='line_1_78' title="bbox 2189 3132 3744 3215; baseline 0.003 -19"><span class='ocrx_word' id='word_1_532' title='bbox 2189 3132 2573 3208; x_wconf 83' lang='lat' dir='ltr'><strong><em>Sacerdotes,</em></strong></span> <span class='ocrx_word' id='word_1_533' title='bbox 2636 3133 2738 3195; x_wconf 89' lang='lat' dir='ltr'><strong><em>sed</em></strong></span> <span class='ocrx_word' id='word_1_534' title='bbox 2793 3133 3059 3215; x_wconf 83' lang='lat' dir='ltr'><strong><em>reliquos</em></strong></span> <span class='ocrx_word' id='word_1_535' title='bbox 3112 3135 3295 3198; x_wconf 86' lang='lat' dir='ltr'><strong><em>etiam</em></strong></span> <span class='ocrx_word' id='word_1_536' title='bbox 3342 3136 3577 3199; x_wconf 82' lang='lat' dir='ltr'><strong><em>Fideles</em></strong></span> <span class='ocrx_word' id='word_1_537' title='bbox 3621 3137 3744 3201; x_wconf 85' lang='lat' dir='ltr'><strong><em>dici</em></strong></span> 
     </span>
     <span class='ocr_line' id='line_1_79' title="bbox 2190 3224 3742 3314; baseline 0.003 -24"><span class='ocrx_word' id='word_1_538' title='bbox 2190 3247 2360 3309; x_wconf 87' lang='lat' dir='ltr'><strong><em>posse</em></strong></span> <span class='ocrx_word' id='word_1_539' title='bbox 2380 3227 2753 3291; x_wconf 83' lang='lat' dir='ltr'><strong><em>Sacrificium</em></strong></span> <span class='ocrx_word' id='word_1_540' title='bbox 2780 3228 3022 3303; x_wconf 70' lang='lat' dir='ltr'><strong><em>offerre3</em></strong></span> <span class='ocrx_word' id='word_1_541' title='bbox 3047 3230 3176 3290; x_wconf 83' lang='lat' dir='ltr'><strong><em>Ideo</em></strong></span> <span class='ocrx_word' id='word_1_542' title='bbox 3201 3232 3413 3292; x_wconf 69' lang='lat' dir='ltr'><strong><em>dicitur</em></strong></span> <span class='ocrx_word' id='word_1_543' title='bbox 3435 3224 3742 3314; x_wconf 75' lang='lat' dir='ltr'><strong><em>offerimus,</em></strong></span> 
     </span>
     <span class='ocr_line' id='line_1_80' title="bbox 2190 3321 3752 3404; baseline 0.005 -23"><span class='ocrx_word' id='word_1_544' title='bbox 2190 3325 2330 3402; x_wconf 79' lang='lat' dir='ltr'><strong><em>quia</em></strong></span> <span class='ocrx_word' id='word_1_545' title='bbox 2376 3342 2490 3383; x_wconf 77' lang='lat' dir='ltr'><strong><em>non</em></strong></span> <span class='ocrx_word' id='word_1_546' title='bbox 2529 3324 2710 3381; x_wconf 82' lang='lat' dir='ltr'><strong><em>solum</em></strong></span> <span class='ocrx_word' id='word_1_547' title='bbox 2751 3321 2992 3404; x_wconf 70' lang='lat' dir='ltr'><strong><em>offerunt</em></strong></span> <span class='ocrx_word' id='word_1_548' title='bbox 3036 3321 3360 3385; x_wconf 76' lang='lat' dir='ltr'><strong><em>Sacerdotes</em></strong></span> <span class='ocrx_word' id='word_1_549' title='bbox 3387 3373 3403 3396; x_wconf 94' lang='lat'><strong><em>,</em></strong></span> <span class='ocrx_word' id='word_1_550' title='bbox 3446 3327 3539 3387; x_wconf 83' lang='lat' dir='ltr'><strong><em>sed</em></strong></span> <span class='ocrx_word' id='word_1_551' title='bbox 3577 3329 3752 3389; x_wconf 81' lang='lat' dir='ltr'><strong><em>etiam</em></strong></span> 
     </span>
     <span class='ocr_line' id='line_1_81' title="bbox 2190 3413 3751 3495; baseline 0.005 -22"><span class='ocrx_word' id='word_1_552' title='bbox 2190 3415 2447 3473; x_wconf 75' lang='lat' dir='ltr'><strong><em>uait-ersi</em></strong></span> <span class='ocrx_word' id='word_1_553' title='bbox 2470 3413 2717 3475; x_wconf 83' lang='lat' dir='ltr'><strong><em>Fideles.-</em></strong></span> <span class='ocrx_word' id='word_1_554' title='bbox 2741 3423 2809 3475; x_wconf 85' lang='lat' dir='ltr'><strong><em>et</em></strong></span> <span class='ocrx_word' id='word_1_555' title='bbox 2838 3430 3209 3495; x_wconf 77' lang='lat' dir='ltr'><strong><em>quamquam</em></strong></span> <span class='ocrx_word' id='word_1_556' title='bbox 3238 3416 3572 3480; x_wconf 85' lang='lat' dir='ltr'><strong><em>Sacerdotis</em></strong></span> <span class='ocrx_word' id='word_1_557' title='bbox 3598 3419 3751 3481; x_wconf 88' lang='lat' dir='ltr'><strong><em>dun·</em></strong></span> 
     </span>
     <span class='ocr_line' id='line_1_82' title="bbox 2192 3507 3750 3592; baseline 0.006 -23"><span class='ocrx_word' id='word_1_558' title='bbox 2192 3515 2361 3570; x_wconf 82' lang='lat' dir='ltr'><strong><em>taxat</em></strong></span> <span class='ocrx_word' id='word_1_559' title='bbox 2390 3508 2471 3570; x_wconf 90' lang='lat' dir='ltr'><strong><em>sit</em></strong></span> <span class='ocrx_word' id='word_1_560' title='bbox 2512 3507 2847 3582; x_wconf 86' lang='lat' dir='ltr'><strong><em>celebrare,</em></strong></span> <span class='ocrx_word' id='word_1_561' title='bbox 2883 3509 2945 3570; x_wconf 94' lang='lat' dir='ltr'><strong><em>id</em></strong></span> <span class='ocrx_word' id='word_1_562' title='bbox 2981 3517 3181 3572; x_wconf 83' lang='lat' dir='ltr'><strong><em>tamen</em></strong></span> <span class='ocrx_word' id='word_1_563' title='bbox 3213 3509 3422 3592; x_wconf 87' lang='lat' dir='ltr'><strong><em>aliquo</em></strong></span> <span class='ocrx_word' id='word_1_564' title='bbox 3454 3533 3630 3575; x_wconf 88' lang='lat' dir='ltr'><strong><em>sensu</em></strong></span> <span class='ocrx_word' id='word_1_565' title='bbox 3668 3513 3750 3578; x_wconf 87' lang='lat' dir='ltr'><strong><em>ad</em></strong></span> 
     </span>
     <span class='ocr_line' id='line_1_83' title="bbox 2188 3601 3750 3684; baseline 0.004 -20"><span class='ocrx_word' id='word_1_566' title='bbox 2188 3601 2557 3665; x_wconf 81' lang='lat' dir='ltr'><strong><em>offerentem</em></strong></span> <span class='ocrx_word' id='word_1_567' title='bbox 2587 3603 2770 3665; x_wconf 81' lang='lat' dir='ltr'><strong><em>etiam</em></strong></span> <span class='ocrx_word' id='word_1_568' title='bbox 2804 3604 3098 3684; x_wconf 79' lang='lat' dir='ltr'><strong><em>pertinet3</em></strong></span> <span class='ocrx_word' id='word_1_569' title='bbox 3132 3605 3417 3668; x_wconf 85' lang='lat' dir='ltr'><strong><em>Sacerdos</em></strong></span> <span class='ocrx_word' id='word_1_570' title='bbox 3449 3607 3614 3669; x_wconf 89' lang='lat' dir='ltr'><strong><em>enim</em></strong></span> <span class='ocrx_word' id='word_1_571' title='bbox 3646 3622 3750 3671; x_wconf 69' lang='lat' dir='ltr'><strong><em>ac—</em></strong></span> 
     </span>
     <span class='ocr_line' id='line_1_84' title="bbox 2189 3696 3750 3783; baseline 0.004 -25"><span class='ocrx_word' id='word_1_572' title='bbox 2189 3697 2354 3759; x_wconf 89' lang='lat' dir='ltr'><strong><em>tione</em></strong></span> <span class='ocrx_word' id='word_1_573' title='bbox 2397 3716 2506 3759; x_wconf 90' lang='lat' dir='ltr'><strong><em>sua</em></strong></span> <span class='ocrx_word' id='word_1_574' title='bbox 2526 3743 2542 3770; x_wconf 93' lang='lat'><strong><em>,</em></strong></span> <span class='ocrx_word' id='word_1_575' title='bbox 2588 3696 2862 3760; x_wconf 76' lang='lat' dir='ltr'><strong><em>Offerens</em></strong></span> <span class='ocrx_word' id='word_1_576' title='bbox 2902 3717 3048 3760; x_wconf 75' lang='lat' dir='ltr'><strong><em>vero</em></strong></span> <span class='ocrx_word' id='word_1_577' title='bbox 3093 3719 3200 3780; x_wconf 90' lang='lat' dir='ltr'><strong><em>per</em></strong></span> <span class='ocrx_word' id='word_1_578' title='bbox 3244 3702 3386 3783; x_wconf 69' lang='lat' dir='ltr'><strong><em>ejus&#39;</em></strong></span> <span class='ocrx_word' id='word_1_579' title='bbox 3419 3702 3750 3779; x_wconf 88' lang='lat' dir='ltr'><strong><em>actionem,</em></strong></span> 
     </span>
     <span class='ocr_line' id='line_1_85' title="bbox 2186 3791 3750 3874; baseline 0.004 -22"><span class='ocrx_word' id='word_1_580' title='bbox 2186 3791 2292 3853; x_wconf 49' lang='lat' dir='ltr'><strong><em>cui¹</em></strong></span> <span class='ocrx_word' id='word_1_581' title='bbox 2313 3791 2755 3874; x_wconf 77' lang='lat' dir='ltr'><strong><em>eleemosynam</em></strong></span> <span class='ocrx_word' id='word_1_582' title='bbox 2781 3793 3038 3855; x_wconf 82' lang='lat' dir='ltr'><strong><em>contulit</em></strong></span> <span class='ocrx_word' id='word_1_583' title='bbox 3054 3840 3070 3867; x_wconf 95' lang='lat'><strong><em>,</em></strong></span> <span class='ocrx_word' id='word_1_584' title='bbox 3102 3795 3178 3856; x_wconf 89' lang='lat' dir='ltr'><strong><em>ad</em></strong></span> <span class='ocrx_word' id='word_1_585' title='bbox 3205 3794 3578 3858; x_wconf 86' lang='lat' dir='ltr'><strong><em>Sacrificium</em></strong></span> <span class='ocrx_word' id='word_1_586' title='bbox 3605 3817 3750 3859; x_wconf 88' lang='lat' dir='ltr'><strong><em>con-</em></strong></span> 
     </span>
     <span class='ocr_line' id='line_1_86' title="bbox 2187 3884 3747 3971; baseline 0.002 -22"><span class='ocrx_word' id='word_1_587' title='bbox 2187 3894 2472 3949; x_wconf 89' lang='lat' dir='ltr'><strong><em>currunt:</em></strong></span> <span class='ocrx_word' id='word_1_588' title='bbox 2513 3884 2786 3961; x_wconf 66' lang='lat' dir='ltr'><strong><em>Quamvis</em></strong></span> <span class='ocrx_word' id='word_1_589' title='bbox 2811 3890 2959 3948; x_wconf 79' lang='lat' dir='ltr'><strong><em>enim</em></strong></span> <span class='ocrx_word' id='word_1_590' title='bbox 2990 3886 3261 3951; x_wconf 80' lang='lat' dir='ltr'><strong><em>Sacerdos</em></strong></span> <span class='ocrx_word' id='word_1_591' title='bbox 3284 3893 3517 3971; x_wconf 80' lang='lat' dir='ltr'><strong><em>proprio</em></strong></span> <span class='ocrx_word' id='word_1_592' title='bbox 3542 3892 3747 3971; x_wconf 73' lang='lat' dir='ltr'><strong><em>funqa-</em></strong></span> 
     </span>
     <span class='ocr_line' id='line_1_87' title="bbox 2190 3982 3740 4065; baseline 0.004 -24"><span class='ocrx_word' id='word_1_593' title='bbox 2190 3992 2288 4041; x_wconf 75' lang='lat' dir='ltr'><strong><em>tur</em></strong></span> <span class='ocrx_word' id='word_1_594' title='bbox 2319 3982 2494 4062; x_wconf 78' lang='lat' dir='ltr'><strong><em>officio</em></strong></span> <span class='ocrx_word' id='word_1_595' title='bbox 2508 4002 2524 4052; x_wconf 88' lang='lat'><strong><em>·,</em></strong></span> <span class='ocrx_word' id='word_1_596' title='bbox 2561 3983 2662 4042; x_wconf 81' lang='lat' dir='ltr'><strong><em>ille</em></strong></span> <span class='ocrx_word' id='word_1_597' title='bbox 2699 3992 2883 4043; x_wconf 77' lang='lat' dir='ltr'><strong><em>tameo</em></strong></span> <span class='ocrx_word' id='word_1_598' title='bbox 2919 3982 3114 4065; x_wconf 71' lang='lat' dir='ltr'><strong><em>offerre</em></strong></span> <span class='ocrx_word' id='word_1_599' title='bbox 3146 3986 3389 4056; x_wconf 75' lang='lat' dir='ltr'><strong><em>dicitur,</em></strong></span> <span class='ocrx_word' id='word_1_600' title='bbox 3433 3986 3594 4065; x_wconf 75' lang='lat' dir='ltr'><strong><em>cujus</em></strong></span> <span class='ocrx_word' id='word_1_601' title='bbox 3634 4005 3740 4046; x_wconf 76' lang='lat' dir='ltr'><strong><em>no-</em></strong></span> 
     </span>
     <span class='ocr_line' id='line_1_88' title="bbox 2188 4073 3745 4160; baseline 0.005 -26"><span class='ocrx_word' id='word_1_602' title='bbox 2188 4077 2337 4135; x_wconf 65' lang='lat' dir='ltr'><strong><em>miae</em></strong></span> <span class='ocrx_word' id='word_1_603' title='bbox 2376 4077 2497 4154; x_wconf 74' lang='lat' dir='ltr'><strong><em>aqit</em></strong></span> <span class='ocrx_word' id='word_1_604' title='bbox 2527 4073 2836 4145; x_wconf 76' lang='lat' dir='ltr'><strong><em>Sacerdos:</em></strong></span> <span class='ocrx_word' id='word_1_605' title='bbox 2864 4077 2978 4157; x_wconf 83' lang='lat' dir='ltr'><strong><em>ipsi</em></strong></span> <span class='ocrx_word' id='word_1_606' title='bbox 3013 4080 3162 4138; x_wconf 78' lang='lat' dir='ltr'><strong><em>mim</em></strong></span> <span class='ocrx_word' id='word_1_607' title='bbox 3200 4080 3548 4159; x_wconf 66' lang='lat' dir='ltr'><strong><em>imputatur,</em></strong></span> <span class='ocrx_word' id='word_1_608' title='bbox 3580 4081 3745 4160; x_wconf 74' lang='lat' dir='ltr'><strong><em>cujus</em></strong></span> 
     </span>
     <span class='ocr_line' id='line_1_89' title="bbox 2187 4169 3740 4251; baseline 0.005 -23"><span class='ocrx_word' id='word_1_609' title='bbox 2187 4189 2425 4230; x_wconf 74' lang='lat' dir='ltr'><strong><em>munera</em></strong></span> <span class='ocrx_word' id='word_1_610' title='bbox 2452 4169 2769 4251; x_wconf 69' lang='lat' dir='ltr'><strong><em>offeruntur</em></strong></span> <span class='ocrx_word' id='word_1_611' title='bbox 2792 4218 2808 4242; x_wconf 92' lang='lat'><strong><em>,</em></strong></span> <span class='ocrx_word' id='word_1_612' title='bbox 2836 4171 3026 4234; x_wconf 71' lang='lat' dir='ltr'><strong><em>verba</em></strong></span> <span class='ocrx_word' id='word_1_613' title='bbox 3054 4180 3196 4234; x_wconf 86' lang='lat' dir='ltr'><strong><em>sunt</em></strong></span> <span class='ocrx_word' id='word_1_614' title='bbox 3221 4172 3443 4236; x_wconf 87' lang='lat' dir='ltr'><strong><em>Hilarii</em></strong></span> <span class='ocrx_word' id='word_1_615' title='bbox 3463 4173 3740 4249; x_wconf 83' lang='lat' dir='ltr'><strong><em>Diaconi,</em></strong></span> 
     </span>
     <span class='ocr_line' id='line_1_90' title="bbox 2187 4264 3744 4349; baseline 0.005 -26"><span class='ocrx_word' id='word_1_616' title='bbox 2187 4264 2296 4346; x_wconf 78' lang='lat' dir='ltr'><strong><em>qui</em></strong></span> <span class='ocrx_word' id='word_1_617' title='bbox 2352 4273 2570 4345; x_wconf 85' lang='lat' dir='ltr'><strong><em>quarto</em></strong></span> <span class='ocrx_word' id='word_1_618' title='bbox 2599 4264 2847 4347; x_wconf 82' lang='lat' dir='ltr'><strong><em>scripsit</em></strong></span> <span class='ocrx_word' id='word_1_619' title='bbox 2887 4265 3124 4329; x_wconf 84' lang='lat' dir='ltr'><strong><em>saeculo</em></strong></span> <span class='ocrx_word' id='word_1_620' title='bbox 3171 4267 3237 4328; x_wconf 90' lang='lat' dir='ltr'><strong><em>in</em></strong></span> <span class='ocrx_word' id='word_1_621' title='bbox 3289 4267 3744 4349; x_wconf 84' lang='lat' dir='ltr'><strong><em>quaestionibus</em></strong></span> 
     </span>
     <span class='ocr_line' id='line_1_91' title="bbox 2187 4358 3745 4442; baseline 0.005 -23"><span class='ocrx_word' id='word_1_622' title='bbox 2187 4358 2264 4420; x_wconf 89' lang='lat' dir='ltr'><strong><em>de</em></strong></span> <span class='ocrx_word' id='word_1_623' title='bbox 2304 4367 2491 4421; x_wconf 75' lang='lat' dir='ltr'><strong><em>veter.</em></strong></span> <span class='ocrx_word' id='word_1_624' title='bbox 2530 4358 2789 4421; x_wconf 76' lang='lat' dir='ltr'><strong><em>Testem.</em></strong></span> <span class='ocrx_word' id='word_1_625' title='bbox 2826 4374 2957 4442; x_wconf 64' lang='lat' dir='ltr'><strong><em>cap.</em></strong></span> <span class='ocrx_word' id='word_1_626' title='bbox 2997 4364 3095 4423; x_wconf 66' lang='lat'><strong><em>48.</em></strong></span> <span class='ocrx_word' id='word_1_627' title='bbox 3127 4360 3338 4424; x_wconf 88' lang='lat' dir='ltr'><strong><em>Simile</em></strong></span> <span class='ocrx_word' id='word_1_628' title='bbox 3370 4360 3523 4425; x_wconf 89' lang='lat' dir='ltr'><strong><em>illud</em></strong></span> <span class='ocrx_word' id='word_1_629' title='bbox 3554 4370 3645 4425; x_wconf 86' lang='lat' dir='ltr'><strong><em>est</em></strong></span> <span class='ocrx_word' id='word_1_630' title='bbox 3673 4362 3745 4427; x_wconf 82' lang='lat' dir='ltr'><strong><em>in</em></strong></span> 
     </span>
     <span class='ocr_line' id='line_1_92' title="bbox 2186 4450 3743 4536; baseline 0.004 -22"><span class='ocrx_word' id='word_1_631' title='bbox 2186 4452 2507 4526; x_wconf 87' lang='lat' dir='ltr'><strong><em>Oratione,</em></strong></span> <span class='ocrx_word' id='word_1_632' title='bbox 2535 4450 2725 4514; x_wconf 58' lang='lat' dir='ltr'><strong><em>‘Orate</em></strong></span> <span class='ocrx_word' id='word_1_633' title='bbox 2763 4453 3023 4526; x_wconf 62' lang='lat' dir='ltr'><strong><em>Fratres,</em></strong></span> <span class='ocrx_word' id='word_1_634' title='bbox 3073 4454 3140 4516; x_wconf 90' lang='lat' dir='ltr'><strong><em>in</em></strong></span> <span class='ocrx_word' id='word_1_635' title='bbox 3178 4474 3307 4536; x_wconf 85' lang='lat' dir='ltr'><strong><em>qua</em></strong></span> <span class='ocrx_word' id='word_1_636' title='bbox 3345 4455 3492 4518; x_wconf 87' lang='lat' dir='ltr'><strong><em>dicit</em></strong></span> <span class='ocrx_word' id='word_1_637' title='bbox 3531 4456 3743 4520; x_wconf 88' lang='lat' dir='ltr'><strong><em>Sacer-</em></strong></span> 
     </span>
     <span class='ocr_line' id='line_1_93' title="bbox 2185 4542 3747 4633; baseline 0.004 -26"><span class='ocrx_word' id='word_1_638' title='bbox 2185 4546 2324 4621; x_wconf 88' lang='lat' dir='ltr'><strong><em>dos,</em></strong></span> <span class='ocrx_word' id='word_1_639' title='bbox 2357 4557 2423 4607; x_wconf 80' lang='lat' dir='ltr'><strong><em>ut</em></strong></span> <span class='ocrx_word' id='word_1_640' title='bbox 2451 4550 2636 4607; x_wconf 67' lang='lat' dir='ltr'><strong><em>meum</em></strong></span> <span class='ocrx_word' id='word_1_641' title='bbox 2662 4545 2730 4609; x_wconf 79' lang='lat' dir='ltr'><strong><em>ac</em></strong></span> <span class='ocrx_word' id='word_1_642' title='bbox 2754 4558 3000 4609; x_wconf 71' lang='lat' dir='ltr'><strong><em>cestrum</em></strong></span> <span class='ocrx_word' id='word_1_643' title='bbox 3022 4546 3384 4632; x_wconf 69' lang='lat' dir='ltr'><strong><em>Sacrificium</em></strong></span> <span class='ocrx_word' id='word_1_644' title='bbox 3410 4542 3747 4633; x_wconf 80' lang='lat' dir='ltr'><strong><em>acceptabile</em></strong></span> 
     </span>
     <span class='ocr_line' id='line_1_94' title="bbox 2182 4640 3744 4726; baseline 0.005 -24"><span class='ocrx_word' id='word_1_645' title='bbox 2182 4643 2290 4725; x_wconf 80' lang='lat' dir='ltr'><strong><em>fiat</em></strong></span> <span class='ocrx_word' id='word_1_646' title='bbox 2324 4643 2479 4723; x_wconf 79' lang='lat' dir='ltr'><strong><em>apud</em></strong></span> <span class='ocrx_word' id='word_1_647' title='bbox 2511 4640 2694 4703; x_wconf 65' lang='lat' dir='ltr'><strong><em>Deum</em></strong></span> <span class='ocrx_word' id='word_1_648' title='bbox 2736 4641 2972 4704; x_wconf 83' lang='lat' dir='ltr'><strong><em>Patrem</em></strong></span> <span class='ocrx_word' id='word_1_649' title='bbox 3008 4640 3453 4724; x_wconf 71' lang='lat' dir='ltr'><strong><em>omnipotentem</em></strong></span> <span class='ocrx_word' id='word_1_650' title='bbox 3466 4694 3482 4717; x_wconf 93' lang='lat'><strong><em>,</em></strong></span> <span class='ocrx_word' id='word_1_651' title='bbox 3516 4646 3744 4726; x_wconf 82' lang='lat' dir='ltr'><strong><em>quibus</em></strong></span> 
     </span>
     <span class='ocr_line' id='line_1_95' title="bbox 2185 4734 3743 4803; baseline 0.003 -5"><span class='ocrx_word' id='word_1_652' title='bbox 2185 4734 2525 4798; x_wconf 87' lang='lat' dir='ltr'><strong><em>declaratur</em></strong></span> <span class='ocrx_word' id='word_1_653' title='bbox 2571 4735 2836 4799; x_wconf 77' lang='lat' dir='ltr'><strong><em>Missam·</em></strong></span> <span class='ocrx_word' id='word_1_654' title='bbox 2865 4735 3240 4798; x_wconf 86' lang='lat' dir='ltr'><strong><em>Sacrificium</em></strong></span> <span class='ocrx_word' id='word_1_655' title='bbox 3281 4756 3408 4800; x_wconf 89' lang='lat' dir='ltr'><strong><em>esse</em></strong></span> <span class='ocrx_word' id='word_1_656' title='bbox 3453 4746 3583 4800; x_wconf 89' lang='lat' dir='ltr'><strong><em>tum</em></strong></span> <span class='ocrx_word' id='word_1_657' title='bbox 3631 4740 3743 4803; x_wconf 91' lang='lat' dir='ltr'><strong><em>Sa-</em></strong></span> 
     </span>
     <span class='ocr_line' id='line_1_96' title="bbox 2185 4828 3747 4911; baseline 0.003 -19"><span class='ocrx_word' id='word_1_658' title='bbox 2185 4828 2474 4903; x_wconf 86' lang='lat' dir='ltr'><strong><em>cerdotis,</em></strong></span> <span class='ocrx_word' id='word_1_659' title='bbox 2513 4836 2641 4890; x_wconf 89' lang='lat' dir='ltr'><strong><em>tum</em></strong></span> <span class='ocrx_word' id='word_1_660' title='bbox 2671 4849 2916 4903; x_wconf 90' lang='lat' dir='ltr'><strong><em>eorum,</em></strong></span> <span class='ocrx_word' id='word_1_661' title='bbox 2947 4830 3056 4911; x_wconf 86' lang='lat' dir='ltr'><strong><em>qui</em></strong></span> <span class='ocrx_word' id='word_1_662' title='bbox 3089 4830 3186 4895; x_wconf 86' lang='lat' dir='ltr'><strong><em>vel</em></strong></span> <span class='ocrx_word' id='word_1_663' title='bbox 3219 4831 3471 4906; x_wconf 87' lang='lat' dir='ltr'><strong><em>adsunt,</em></strong></span> <span class='ocrx_word' id='word_1_664' title='bbox 3502 4834 3600 4895; x_wconf 85' lang='lat' dir='ltr'><strong><em>vel</em></strong></span> <span class='ocrx_word' id='word_1_665' title='bbox 3635 4835 3747 4897; x_wconf 85' lang='lat' dir='ltr'><strong><em>mi-</em></strong></span> 
     </span>
     <span class='ocr_line' id='line_1_97' title="bbox 2184 4923 3744 4991; baseline 0.005 -8"><span class='ocrx_word' id='word_1_666' title='bbox 2184 4923 2465 4985; x_wconf 87' lang='lat' dir='ltr'><strong><em>nistrant.</em></strong></span> <span class='ocrx_word' id='word_1_667' title='bbox 2506 4923 2907 4986; x_wconf 86' lang='lat' dir='ltr'><strong><em>Bollandistae</em></strong></span> <span class='ocrx_word' id='word_1_668' title='bbox 2947 4925 3025 4986; x_wconf 90' lang='lat' dir='ltr'><strong><em>ad</em></strong></span> <span class='ocrx_word' id='word_1_669' title='bbox 3057 4925 3217 4986; x_wconf 91' lang='lat' dir='ltr'><strong><em>diem</em></strong></span> <span class='ocrx_word' id='word_1_670' title='bbox 3266 4931 3360 4988; x_wconf 84' lang='lat'><strong><em>17.</em></strong></span> <span class='ocrx_word' id='word_1_671' title='bbox 3400 4928 3603 4990; x_wconf 84' lang='lat' dir='ltr'><strong><em>Martii</em></strong></span> <span class='ocrx_word' id='word_1_672' title='bbox 3648 4930 3744 4991; x_wconf 77' lang='lat' dir='ltr'><strong><em>vi-</em></strong></span> 
     </span>
     <span class='ocr_line' id='line_1_98' title="bbox 2184 5017 3739 5086; baseline 0.005 -7"><span class='ocrx_word' id='word_1_673' title='bbox 2184 5024 2309 5080; x_wconf 86' lang='lat' dir='ltr'><strong><em>tam</em></strong></span> <span class='ocrx_word' id='word_1_674' title='bbox 2343 5017 2612 5079; x_wconf 81' lang='lat' dir='ltr'><strong><em>referunt</em></strong></span> <span class='ocrx_word' id='word_1_675' title='bbox 2642 5017 2704 5078; x_wconf 91' lang='lat' dir='ltr'><strong><em>S.</em></strong></span> <span class='ocrx_word' id='word_1_676' title='bbox 2742 5017 3048 5081; x_wconf 75' lang='lat' dir='ltr'><strong><em>Gelu-udis</em></strong></span> <span class='ocrx_word' id='word_1_677' title='bbox 3073 5020 3434 5083; x_wconf 86' lang='lat' dir='ltr'><strong><em>Nivellensis</em></strong></span> <span class='ocrx_word' id='word_1_678' title='bbox 3465 5023 3739 5086; x_wconf 84' lang='lat' dir='ltr'><strong><em>Abbatis-</em></strong></span> 
     </span>
    </p>
   </div>
   <div class='ocr_carea' id='block_1_8' title="bbox 3724 855 3726 981">
    <p class='ocr_par' dir='ltr' id='par_1_9' title="bbox 3724 855 3726 981">
     <span class='ocr_line' id='line_1_99' title="bbox 3724 855 3726 981; baseline 0 -86"><span class='ocrx_word' id='word_1_679' title='bbox 3724 855 3726 981; x_wconf 95' lang='lat' dir='ltr'><strong><em>  </em></strong></span> 
     </span>
    </p>
   </div>
   <div class='ocr_carea' id='block_1_9' title="bbox 2182 5111 3737 5200">
    <p class='ocr_par' dir='ltr' id='par_1_10' title="bbox 2182 5111 3737 5200">
     <span class='ocr_line' id='line_1_100' title="bbox 2182 5111 3737 5200; baseline 0.003 -26"><span class='ocrx_word' id='word_1_680' title='bbox 2182 5130 2284 5174; x_wconf 87' lang='lat' dir='ltr'><strong><em>sae</em></strong></span> <span class='ocrx_word' id='word_1_681' title='bbox 2323 5111 2391 5172; x_wconf 90' lang='lat' dir='ltr'><strong><em>in</em></strong></span> <span class='ocrx_word' id='word_1_682' title='bbox 2418 5111 2744 5174; x_wconf 87' lang='lat' dir='ltr'><strong><em>Brabantia</em></strong></span> <span class='ocrx_word' id='word_1_683' title='bbox 2764 5158 2781 5187; x_wconf 93' lang='lat'><strong><em>,</em></strong></span> <span class='ocrx_word' id='word_1_684' title='bbox 2830 5132 3014 5193; x_wconf 90' lang='lat' dir='ltr'><strong><em>quam</em></strong></span> <span class='ocrx_word' id='word_1_685' title='bbox 3060 5114 3297 5196; x_wconf 86' lang='lat' dir='ltr'><strong><em>scripsit</em></strong></span> <span class='ocrx_word' id='word_1_686' title='bbox 3327 5117 3552 5178; x_wconf 87' lang='lat' dir='ltr'><strong><em>Auctor</em></strong></span> <span class='ocrx_word' id='word_1_687' title='bbox 3590 5136 3737 5200; x_wconf 77' lang='lat' dir='ltr'><strong><em>syn-</em></strong></span> 
     </span>
    </p>
   </div>
   <div class='ocr_carea' id='block_1_10' title="bbox 524 5204 3736 5309">
    <p class='ocr_par' dir='ltr' id='par_1_11' title="bbox 524 5204 3736 5309">
     <span class='ocr_line' id='line_1_101' title="bbox 524 5204 3736 5309; baseline 0 -36"><span class='ocrx_word' id='word_1_688' title='bbox 524 5220 597 5273; x_wconf 85' lang='lat' dir='ltr'><strong><em>ut</em></strong></span> <span class='ocrx_word' id='word_1_689' title='bbox 621 5216 939 5272; x_wconf 83' lang='lat' dir='ltr'><strong><em>narratur:</em></strong></span> <span class='ocrx_word' id='word_1_690' title='bbox 968 5227 1091 5269; x_wconf 90' lang='lat' dir='ltr'><strong><em>non</em></strong></span> <span class='ocrx_word' id='word_1_691' title='bbox 1119 5206 1281 5269; x_wconf 90' lang='lat' dir='ltr'><strong><em>enim</em></strong></span> <span class='ocrx_word' id='word_1_692' title='bbox 1311 5205 1415 5267; x_wconf 91' lang='lat' dir='ltr'><strong><em>ille</em></strong></span> <span class='ocrx_word' id='word_1_693' title='bbox 1437 5206 1621 5279; x_wconf 90' lang='lat' dir='ltr'><strong><em>solus,</em></strong></span> <span class='ocrx_word' id='word_1_694' title='bbox 1650 5205 1750 5267; x_wconf 86' lang='lat' dir='ltr'><strong><em>sed</em></strong></span> <span class='ocrx_word' id='word_1_695' title='bbox 1779 5208 2079 5269; x_wconf 84' lang='lat' dir='ltr'><strong><em>Romanos</em></strong></span> <span class='ocrx_word' id='word_1_696' title='bbox 2128 5210 2134 5309; x_wconf 57' lang='lat' dir='ltr'>J</span> <span class='ocrx_word' id='word_1_697' title='bbox 2183 5204 2465 5268; x_wconf 77' lang='lat' dir='ltr'><strong><em>chronna.</em></strong></span> <span class='ocrx_word' id='word_1_698' title='bbox 2503 5206 2724 5268; x_wconf 87' lang='lat' dir='ltr'><strong><em>Narrat</em></strong></span> <span class='ocrx_word' id='word_1_699' title='bbox 2757 5208 2886 5290; x_wconf 88' lang='lat' dir='ltr'><strong><em>ejus</em></strong></span> <span class='ocrx_word' id='word_1_700' title='bbox 2930 5208 3090 5270; x_wconf 83' lang='lat' dir='ltr'><strong><em>vitae</em></strong></span> <span class='ocrx_word' id='word_1_701' title='bbox 3122 5208 3419 5291; x_wconf 86' lang='lat' dir='ltr'><strong><em>Scriptor,</em></strong></span> <span class='ocrx_word' id='word_1_702' title='bbox 3456 5210 3736 5275; x_wconf 88' lang='lat' dir='ltr'><strong><em>Sanctam</em></strong></span> 
     </span>
    </p>
   </div>
   <div class='ocr_carea' id='block_1_11' title="bbox 527 5298 2079 5372">
    <p class='ocr_par' dir='ltr' id='par_1_12' title="bbox 527 5298 2079 5381">
     <span class='ocr_line' id='line_1_102' title="bbox 527 5298 2079 5372; baseline 0.006 -17"><span class='ocrx_word' id='word_1_703' title='bbox 527 5304 1119 5371; x_wconf 60' lang='lat' dir='ltr'><strong><em>maecum</em></strong></span> <span class='ocrx_word' id='word_1_704' title='bbox 1143 5298 1374 5362; x_wconf 87' lang='lat' dir='ltr'><strong><em>habens</em></strong></span> <span class='ocrx_word' id='word_1_705' title='bbox 1404 5299 1679 5372; x_wconf 88' lang='lat' dir='ltr'><strong><em>comites,</em></strong></span> <span class='ocrx_word' id='word_1_706' title='bbox 1712 5299 2079 5368; x_wconf 80' lang='lat' dir='ltr'><strong><em>Alexandria</em></strong></span> 
     </span>
    </p>
   </div>
   <div class='ocr_carea' id='block_1_12' title="bbox 525 5378 3990 5480">
    <p class='ocr_par' dir='ltr' id='par_1_13' title="bbox 525 5378 3990 5480">
     <span class='ocr_line' id='line_1_103' title="bbox 525 5378 3990 5480; baseline 0.001 -21"><span class='ocrx_word' id='word_1_707' title='bbox 525 5378 827 5480; x_wconf 58' lang='lat' dir='ltr'><strong><em>protenus</em></strong></span> <span class='ocrx_word' id='word_1_708' title='bbox 851 5402 1023 5468; x_wconf 80' lang='lat' dir='ltr'><strong><em>erat,</em></strong></span> <span class='ocrx_word' id='word_1_709' title='bbox 1053 5392 1210 5455; x_wconf 88' lang='lat' dir='ltr'><strong><em>inter</em></strong></span> <span class='ocrx_word' id='word_1_710' title='bbox 1252 5413 1404 5473; x_wconf 89' lang='lat' dir='ltr'><strong><em>quos</em></strong></span> <span class='ocrx_word' id='word_1_711' title='bbox 1429 5393 1755 5456; x_wconf 82' lang='lat' dir='ltr'><strong><em>verisimile</em></strong></span> <span class='ocrx_word' id='word_1_712' title='bbox 1781 5402 1869 5456; x_wconf 63' lang='lat' dir='ltr'><strong><em>en</em></strong></span> <span class='ocrx_word' id='word_1_713' title='bbox 1895 5394 2079 5457; x_wconf 81' lang='lat' dir='ltr'><strong><em>fuisse</em></strong></span> <span class='ocrx_word' id='word_1_714' title='bbox 2181 5393 2415 5457; x_wconf 77' lang='lat' dir='ltr'><strong><em>Adulae</em></strong></span> <span class='ocrx_word' id='word_1_715' title='bbox 2449 5391 2651 5455; x_wconf 82' lang='lat' dir='ltr'><strong><em>filium</em></strong></span> <span class='ocrx_word' id='word_1_716' title='bbox 2692 5402 2996 5457; x_wconf 89' lang='lat' dir='ltr'><strong><em>mortuum</em></strong></span> <span class='ocrx_word' id='word_1_717' title='bbox 3036 5390 3344 5460; x_wconf 80' lang='lat' dir='ltr'><strong><em>advitam</em></strong></span> <span class='ocrx_word' id='word_1_718' title='bbox 3392 5416 3731 5473; x_wconf 82' lang='lat' dir='ltr'><strong><em>revocasse,</em></strong></span> <span class='ocrx_word' id='word_1_719' title='bbox 3863 5464 3868 5469; x_wconf 67' lang='grc'><strong>,</strong></span> <span class='ocrx_word' id='word_1_720' title='bbox 3984 5398 3990 5403; x_wconf 81' lang='grc'><strong>’</strong></span> 
     </span>
    </p>
   </div>
   <div class='ocr_carea' id='block_1_13' title="bbox 2184 5298 3739 5383">
    <p class='ocr_par' dir='ltr' id='par_1_14' title="bbox 2184 5298 3739 5383">
     <span class='ocr_line' id='line_1_104' title="bbox 2184 5298 3739 5383; baseline 0.005 -22"><span class='ocrx_word' id='word_1_721' title='bbox 2184 5298 2502 5381; x_wconf 86' lang='lat' dir='ltr'><strong><em>Virginem</em></strong></span> <span class='ocrx_word' id='word_1_722' title='bbox 2544 5299 2769 5361; x_wconf 88' lang='lat' dir='ltr'><strong><em>nobilis</em></strong></span> <span class='ocrx_word' id='word_1_723' title='bbox 2798 5301 3107 5383; x_wconf 88' lang='lat' dir='ltr'><strong><em>cujusdam</em></strong></span> <span class='ocrx_word' id='word_1_724' title='bbox 3142 5303 3454 5365; x_wconf 80' lang='lat' dir='ltr'><strong><em>Matronae</em></strong></span> <span class='ocrx_word' id='word_1_725' title='bbox 3493 5304 3739 5368; x_wconf 87' lang='lat' dir='ltr'><strong><em>nomine</em></strong></span> 
     </span>
    </p>
   </div>
   <div class='ocr_carea' id='block_1_14' title="bbox 440 5451 3735 5579">
    <p class='ocr_par' dir='ltr' id='par_1_15' title="bbox 440 5451 3735 5579">
     <span class='ocr_line' id='line_1_105' title="bbox 440 5451 3735 5579; baseline 0 -24"><span class='ocrx_word' id='word_1_726' title='bbox 440 5494 445 5509; x_wconf 93' lang='lat'><strong>·</strong></span> <span class='ocrx_word' id='word_1_727' title='bbox 526 5492 765 5574; x_wconf 65' lang='lat' dir='ltr'><strong><em>nim</em></strong></span> <span class='ocrx_word' id='word_1_728' title='bbox 783 5487 1148 5560; x_wconf 58' lang='lat' dir='ltr'><strong><em>sumtuum</em></strong></span> <span class='ocrx_word' id='word_1_729' title='bbox 1173 5505 1371 5568; x_wconf 71' lang='lat' dir='ltr'><strong><em>neque</em></strong></span> <span class='ocrx_word' id='word_1_730' title='bbox 1390 5486 1553 5549; x_wconf 64' lang='lat' dir='ltr'><strong><em>enim</em></strong></span> <span class='ocrx_word' id='word_1_731' title='bbox 1573 5486 1739 5550; x_wconf 62' lang='lat' dir='ltr'><strong><em>ludis</em></strong></span> <span class='ocrx_word' id='word_1_732' title='bbox 1760 5487 1911 5550; x_wconf 62' lang='lat' dir='ltr'><strong><em>tuuc</em></strong></span> <span class='ocrx_word' id='word_1_733' title='bbox 1933 5508 2078 5550; x_wconf 78' lang='lat' dir='ltr'><strong><em>con-</em></strong></span> <span class='ocrx_word' id='word_1_734' title='bbox 2126 5451 2137 5579; x_wconf 63' lang='grc' dir='ltr'>Ι</span> <span class='ocrx_word' id='word_1_735' title='bbox 2182 5508 2260 5552; x_wconf 66' lang='lat' dir='ltr'><strong><em>ac</em></strong></span> <span class='ocrx_word' id='word_1_736' title='bbox 2286 5488 2624 5553; x_wconf 68' lang='lat' dir='ltr'><strong><em>namnam</em></strong></span> <span class='ocrx_word' id='word_1_737' title='bbox 2659 5487 2829 5553; x_wconf 72' lang='lat' dir='ltr'><strong><em>mam</em></strong></span> <span class='ocrx_word' id='word_1_738' title='bbox 2868 5488 3218 5553; x_wconf 74' lang='lat' dir='ltr'><strong><em>ferventiori</em></strong></span> <span class='ocrx_word' id='word_1_739' title='bbox 3256 5489 3566 5573; x_wconf 72' lang='lat' dir='ltr'><strong><em>religionis</em></strong></span> <span class='ocrx_word' id='word_1_740' title='bbox 3607 5494 3735 5555; x_wconf 73' lang='lat' dir='ltr'><strong><em>sm-</em></strong></span> 
     </span>
    </p>
   </div>
  </div>
 </body>
</html>
