4487 6316
1671 548 1897 599 RERUM
1937 549 2366 604 NOTAmLItJM

453 697 612 762 rimu,
643 707 688 749 et
720 698 1094 765 expiatorium,
1122 712 1233 748 non
1262 694 1406 765 quod
1436 693 1743 747 immediate
1781 704 1990 763 peccata

432 787 609 855 quoad
638 787 849 854 culpam
880 786 1150 850 dimittat,
1183 784 1276 837 scd
1303 785 1452 854 quod
1480 786 1620 835 Deus
1646 785 1760 849 ejus
1790 782 1987 834 intuitu

432 875 650 937 gratiam
682 873 745 923 ad
774 890 949 926 veram
992 872 1381 940 poenitentiam
1432 871 1669 923 conserat
1692 907 1705 932 ,
1759 869 1833 919 uti
1890 870 1988 921 suit

432 961 760 1012 Sacrificium
813 964 1027 1024 crucIs,
1066 979 1175 1029 quo
1219 961 1474 1028 majorem
1514 959 1764 1009 virtutem
1793 958 1983 1009 Missae

431 1049 756 1100 sacrificium
801 1066 908 1099 non
953 1047 1125 1101 habet.
1153 1050 1329 1101 Poena
1359 1045 1665 1099 immediate
1694 1046 1985 1096 remittitur

427 1138 473 1185 ei
500 1172 514 1197 ,
545 1154 644 1204 pro
673 1154 782 1204 quo
814 1137 1142 1189 Sacrificium
1174 1136 1398 1188 offertur
1420 1172 1434 1197 ,
1466 1150 1712 1186 mensura
1753 1141 1925 1184 tamen
1954 1151 1981 1183 a

428 1223 622 1274 Divina
654 1224 1021 1277 misericordia
1049 1225 1285 1289 definita,
1315 1242 1368 1275 n.
1396 1225 1503 1287 17„
1526 1236 1578 1274 et
1600 1225 1683 1273 18.
1705 1225 1796 1273 Est
1821 1223 1979 1273 etiam

426 1312 853 1380 impetratorium
880 1314 1150 1366 bonorum
1181 1312 1579 1381 spiritualium,
1609 1319 1662 1364 et
1688 1314 1982 1378 Tempora-

429 1400 584 1465 lium,
612 1419 664 1451 n.
694 1404 779 1454 19.

538 1491 866 1542 Sacrificium
905 1508 969 1543 ex
998 1497 1143 1558 parte
1180 1489 1256 1542 rei
1298 1488 1541 1553 oblatae,
1578 1497 1631 1541 et
1666 1488 1980 1558 principalis

426 1577 719 1643 offerentis,
747 1586 827 1631 est
853 1579 1063 1631 virtutis
1092 1579 1330 1631 infinitae
1352 1615 1367 1642 ,
1407 1578 1500 1630 sed
1538 1581 1653 1645 ejus
1680 1577 1895 1630 effectus
1925 1577 1982 1626 fi-

423 1667 568 1718 nitus
599 1675 706 1732 est,
736 1676 785 1720 et
816 1669 934 1735 plus
961 1669 1008 1719 ei
1045 1668 1301 1735 prodest,
1330 1668 1412 1718 cui
1446 1667 1742 1735 applicatur
1764 1703 1778 1729 ,
1817 1682 1977 1733 quam

422 1755 577 1806 aliis:
610 1758 730 1809 Sive
760 1766 1004 1825 tanquam
1034 1756 1473 1824 propitiatorium
1501 1793 1514 1818 ,
1560 1756 1641 1807 vel
1686 1754 1980 1806 satisfacto·

425 1843 585 1908 rium,
616 1844 727 1896 sive
756 1852 1003 1912 tanquam
1035 1844 1462 1913 impetratorium
1491 1843 1862 1896 consideretur
1884 1879 1897 1904 ,
1940 1842 1975 1892 1.

422 1931 473 1982 ³.
515 1949 634 2001 cap.
663 1931 751 1983 21.
782 1950 930 1982 num.
960 1934 1013 1983 6.

534 2019 863 2072 Sacrificium
896 2028 1143 2089 tanquam
1173 2019 1584 2072 satisfactorium
1611 2022 1726 2073 Deo
1758 2019 1978 2071 offertur

424 2123 523 2173 pro
552 2106 830 2159 animabus
861 2109 915 2160 in
942 2109 1258 2177 purgatorio
1285 2109 1534 2171 detentis,
1564 2125 1855 2178 numquam
1892 2125 1978 2159 ve·

425 2211 484 2244 ro
515 2213 613 2263 pro
643 2197 919 2248 animabus
948 2197 1012 2247 ad
1040 2206 1275 2249 aeternas
1302 2197 1600 2249 inferorum
1649 2212 1847 2265 poenas
1889 2196 1976 2247 da·

423 2285 653 2336 mnatis:
696 2285 796 2337 Sed
839 2285 882 2335 si
933 2285 1067 2337 forte
1095 2302 1194 2352 pro
1223 2285 1307 2337 his
1336 2286 1644 2351 ignoranter
1682 2285 1935 2336 offeratur
1960 2320 1974 2348 ,

417 2376 531 2437 ejus
560 2373 760 2424 fructus
791 2373 845 2424 in
871 2373 1409 2426 Ecclesiaethesauro
1436 2374 1742 2437 remanet,l.
1770 2372 1822 2423 2.
1853 2390 1972 2442 cop.

423 2460 505 2512 17.
536 2478 683 2513 num.
713 2463 762 2514 3.
789 2498 802 2525 ,
834 2474 886 2512 et
913 2463 963 2513 ὅ.

533 2550 789 2602 Sacrificii
828 2551 1055 2602 essentia
1083 2550 1137 2600 in
1169 2551 1569 2602 consecratione
1594 2589 1607 2614 ,
1636 2559 1687 2603 et
1715 2550 1768 2601 in
1799 2551 1974 2602 Sacra·

419 2639 585 2689 menti
616 2639 1081 2690 consummatione
1119 2640 1403 2700 consistit;
1443 2649 1530 2690 aut
1566 2642 1723 2692 etiam
1766 2639 1819 2690 in
1862 2641 1973 2690 sola

419 2726 838 2789 consecratione,
869 2733 922 2777 et
947 2726 1257 2795 quomodo,
1290 2728 1326 2778 l.
1350 2727 1403 2777 2.
1433 2745 1480 2779 c.
1508 2727 1601 2780 21.
1628 2745 1680 2777 η.
1709 2729 1762 2778 ’1.
1789 2726 1974 2778 Ades·

416 2814 639 2863 seutiam
670 2827 795 2866 vero
821 2830 931 2864 non
956 2817 1204 2881 pertinet,
1234 2825 1287 2866 ut
1317 2816 1482 2884 aliqui
1512 2815 1785 2867 Sacrificio
1814 2816 1973 2866 iuter·

414 2902 542 2964 sint,
569 2909 621 2952 et
647 2901 712 2952 de
742 2906 1081 2954 sacramento
1111 2904 1468 2972 participent,
1519 2923 1643 2974 cap.
1687 2904 1777 2955 22.
1822 2921 1968 2954 num.

415 2988 502 3040 12.
526 3025 540 3051 ,
568 3001 620 3040 et
641 3007 788 3057 seqq.

524 3078 848 3129 Sacrificium
882 3095 1043 3130 omne
1062 3079 1125 3131 ad
1146 3083 1314 3133 Deum
1343 3082 1591 3145 refertur,
1617 3086 1834 3152 ejusque
1862 3083 1969 3137 sru-

410 3175 526 3216 ctus
556 3166 617 3217 ad
650 3165 891 3219 absentes
916 3204 929 3231 ,
961 3177 1011 3219 et
1039 3179 1338 3238 praesentes
1367 3189 1530 3240 aeque
1557 3173 1833 3240 pervenire
1873 3191 1968 3242 po·

410 3264 529 3316 test,
559 3255 593 3305 l.
621 3254 673 3304 2.
705 3272 748 3306 c.
777 3254 865 3305 22.
896 3272 948 3305 n.
977 3256 1060 3307 12.

518 3342 847 3394 Sacrificium
907 3343 1074 3396 faeere
1129 3363 1375 3414 magnum
1429 3347 1620 3400 festum
1667 3359 1775 3412 est,
1822 3367 1963 3402 snm·

406 3448 661 3499 mumque
690 3431 744 3481 in
774 3432 1006 3483 Ecclesia
1034 3433 1284 3500 gaudium
1315 3437 1582 3503 significat
1605 3475 1620 3502 ,
1651 3439 1688 3488 1.
1716 3438 1767 3489 3.
1796 3456 1843 3488 c.
1876 3439 1959 3489 15.

403 3536 458 3567 η.
486 3518 570 3569 1⁴.
591 3520 649 3570 ln
673 3520 942 3571 Sacrificio
976 3522 1287 3589 peragendo>
1307 3533 1478 3575 rectus
1508 3526 1645 3576 ordo
1674 3526 1959 3579 servandus

401 3615 503 3667 est,
530 3622 582 3655 n.
610 3605 661 3656 2.
693 3618 744 3658 ee
770 3625 822 3658 n.
855 3608 939 3658 16.
967 3610 1121 3660 Plura
1150 3611 1512 3677 requiruntur,
1545 3622 1599 3663 ut
1626 3615 1958 3666 Sacrificium

399 3691 595 3755 valide,
625 3703 676 3745 et
703 3694 847 3746 licite
879 3695 984 3745 fiat.
1014 3699 1076 3747 V.
1117 3699 1405 3752 Validitas.
1435 3701 1618 3752 licita
1646 3702 1848 3754 Missae
1878 3720 1959 3753 ce·

401 3778 654 3831 lehn-otio.
684 3780 966 3850 Multiplex
991 3791 1071 3834 est
1098 3785 1351 3838 sacrificii
1386 3788 1586 3840 fructus
1612 3826 1626 3851 ‚
1664 3790 1757 3858 qui
1797 3790 1954 3842 etiam

399 3866 522 3916 aliis
550 3867 803 3935 applicari
835 3876 1027 3935 potest.
1057 3872 1119 3921 V.
1145 3873 1399 3924 Fructus.
1427 3876 1772 3944 Applicatio.

910 4031 1200 4084 Sanctitas.
1229 4033 1431 4085 Sancti.

508 4206 810 4257 sanctitatis
837 4215 1071 4260 nota'est
1100 4209 1364 4280 frequens,
1399 4221 1452 4267 et
1475 4215 1790 4284 quotidiana
1829 4219 1954 4270 Mis-

394 4312 484 4347 sae
511 4293 799 4345 celebratio
830 4297 1078 4366 Append.
1111 4300 1193 4350 11.
1222 4300 1307 4353 eit.
1334 4302 1387 4352 2.

354 4381 360 4386 ’
507 4384 680 4434 Sancti
721 4384 1032 4436 Canonizati
1064 4388 1205 4437 cultu
1234 4387 1452 4455 publico
1492 4392 1767 4455 coluntur,
1804 4401 1858 4445 et
1893 4394 1949 4444 in

391 4487 583 4522 eorum
623 4469 888 4522 honorem
913 4508 927 4534 ,
954 4473 1117 4523 Missa
1144 4513 1156 4537 ,
1186 4482 1236 4526 et
1262 4476 1516 4528 Officium
1547 4478 1914 4531 conceduntur
1936 4519 1949 4544 ,

389 4560 667 4627 iidemque
695 4559 748 4610 ia
777 4560 1038 4611 Patronus
1062 4563 1348 4631 eliguntur.
1375 4567 1626 4634 Append.
1659 4572 1740 4619 11.
1772 4567 1853 4620 tit.
1884 4569 1933 4619 2.

503 4646 680 4699 Sancti
705 4684 718 4710 ,
746 4648 838 4717 qui
869 4650 924 4698 in
954 4650 1145 4702 Missae
1170 4654 1389 4706 Canone
1429 4665 1553 4724 post
1595 4660 1943 4711 consecratio·

389 4752 515 4786 nem
568 4745 932 4788 memorantur
953 4775 966 4800 ,
998 4738 1192 4792 diversi
1232 4752 1354 4797 sunt
1388 4744 1614 4796 Ordinis
1640 4784 1653 4808 ,
1692 4747 1863 4816 iisque
1894 4750 1945 4800 S.

388 4825 686 4892 Gregorius
713 4825 968 4894 quasdam
1012 4829 1225 4881 Sanctas
1263 4832 1515 4885 Mulieres
1556 4833 1781 4886 addidit.
1823 4838 1945 4888 San·

390 4922 604 4963 ctorum
634 4916 1079 4967 commemoratio
1106 4926 1223 4971 ante
1252 4923 1709 4975 consecrationem
1751 4923 1949 4978 dicitur

383 4999 460 5049 ad
486 4999 846 5068 Sqffrogium,
869 5014 992 5072 post
1014 5010 1471 5063 consecrationem
1496 5011 1571 5062 ad
1588 5014 1943 5079 consortium,

386 5090 419 5138 t.
449 5087 502 5140 2.
539 5105 584 5139 c·
615 5091 697 5141 18.
727 5109 873 5144 num.
904 5095 986 5159 6.,
1015 5107 1068 5147 et
1087 5115 1235 5164 seqq,

498 5178 811 5229 Sanctorum
844 5182 1154 5236 intercessio
1182 5186 1381 5240 Christi
1430 5191 1634 5243 meritis
1673 5192 1812 5243 nihil
1855 5194 1940 5247 de·

388 5264 543 5314 trahit
571 5300 585 5326 ,
616 5264 784 5314 immo
814 5269 1012 5321 nullius
1068 5282 1149 5324 est
1200 5278 1500 5342 momenti,
1529 5279 1632 5331 nisi
1665 5297 1761 5349 per
1784 5281 1937 5335 Chri·

386 5359 545 5415 stum,
580 5352 600 5401 Ι
640 5352 692 5403 2.
723 5370 770 5404 c.
802 5355 883 5405 13.
912 5374 965 5406 n.
991 5359 1078 5411 28.
1126 5402 1133 5403 ff

712 5471 921 5512 aenan.
964 5476 1076 5515 xxv.
1118 5478 1260 5516 roas.
1303 5471 1438 5524 vm.

3352 547 3456 598 ⁴59

2198 700 2561 750 sanctuarium
2618 707 2737 750 aute
2783 695 3168 766 praefationem
3201 695 3331 745 olim
3363 693 3636 746 claudeba-

2089 795 2190 850 tur,
2230 789 2265 839 1.
2291 788 2343 839 2.
2374 805 2492 856 cap.
2526 787 2609 837 11.
2638 803 2784 836 num.
2818 787 2903 838 15.

2687 910 3018 965 scandalum
3037 949 3046 959 .

2192 1051 2276 1106 Ob
2306 1052 2537 1104 scandali
2566 1053 2863 1121 periculum
2895 1050 3182 1120 aliquando
3223 1049 3479 1102 Sacerdos
3518 1066 3635 1117 pec·

2084 1141 2183 1192 cati
2233 1141 2441 1194 lethalis
2481 1142 2583 1193 sibi
2626 1143 2902 1204 conscius,
2944 1141 3231 1208 praemissa
3270 1139 3634 1201 contritione,

2083 1230 2300 1282 Missam
2355 1231 2499 1282 licite
2551 1229 2816 1282 celebrare
2868 1238 3080 1299 potest,
3121 1229 3156 1280 Ι.
3185 1228 3236 1280 3.
3270 1246 3314 1279 c.
3348 1231 3431 1278 11.
3457 1246 3510 1277 11.
3541 1229 3631 1289 6.,

2083 1320 2135 1369 9.
2164 1355 2178 1382 ,
2210 1330 2263 1370 ee
2293 1321 2377 1370 10.

2194 1407 2512 1458 Scandalum
2553 1423 2661 1457 non
2703 1407 2901 1470 oritur,
2931 1407 2972 1457 si
3006 1405 3263 1459 Sacerdos
3316 1407 3369 1456 in
3425 1405 3631 1474 privato

2082 1494 2334 1545 Oratorio
2365 1493 2612 1556 celebret,
2643 1494 2731 1544 ubi
2763 1494 2909 1545 solus
2935 1494 3072 1544 adsit
3099 1494 3364 1554 Minister,
3394 1493 3632 1562 adeoque

2082 1583 2126 1630 si
2168 1581 2330 1632 initio
2359 1583 2552 1633 Missae
2591 1580 2901 1633 recordetur
2928 1599 2982 1633 se
3010 1598 3160 1647 grave
3188 1592 3458 1648 peccatum
3489 1598 3632 1631 com·

2083 1669 2327 1734 misisse,
2370 1669 2526 1722 debet
2564 1671 2782 1721 Missam
2838 1669 3143 1732 dimittere,
3183 1670 3218 1719 Ι.
3260 1669 3310 1719 3.
3366 1686 3484 1736 cap.
3543 1670 3629 1720 11.

2081 1774 2227 1809 num.
2268 1758 2337 1809 9..

2649 1881 3038 1936 Scholaste‘cus.

2190 2022 2503 2075 Scholastici
2560 2023 2692 2072 olim
2745 2023 2859 2075 Viri
2901 2022 3078 2087 docti,
3104 2031 3154 2075 et
3181 2021 3373 2075 eruditi
3406 2025 3631 2093 appella·

2076 2109 2288 2174 bantur,
2319 2113 2353 2161 1.
2381 2111 2433 2161 2.
2464 2128 2512 2163 c.
2542 2111 2606 2161 12
2654 2113 2800 2161 ηιιίπ.
2832 2110 2883 2162 4.

2184 2199 2225 2249 Α
2253 2198 2572 2251 scholastico
2601 2197 2832 2266 quodam
2864 2198 3056 2250 Missae
3083 2199 3266 2250 Cauon
3296 2201 3628 2268 compositus

2077 2286 2277 2338 dicitur
2302 2287 2522 2354 apudS.
2552 2286 2890 2351 Gregorium.
2913 2285 3014 2336 Sed
3042 2286 3304 2338 incertum
3335 2296 3431 2352 est,
3453 2297 3628 2339 utrum

2077 2376 2163 2428 hic
2192 2375 2548 2427 scholasticus
2588 2383 2755 2425 totum
2791 2375 3064 2427 Canonem
3087 2413 3105 2440 ,
3148 2392 3210 2425 an
3253 2386 3454 2443 partem
3484 2394 3630 2428 com-

2076 2463 2345 2532 posuerit,
2388 2472 2439 2515 et
2476 2472 2651 2514 utrum
2691 2461 2847 2529 bujus
2886 2463 3160 2514 Scolastici
3201 2481 3399 2515 nomen
3426 2501 3440 2528 ,
3469 2464 3629 2517 fuerit

2076 2552 2358 2620 proprium
2379 2589 2396 2614 ,
2426 2568 2489 2602 an
2520 2550 2918 2618 appellativum,
2947 2551 2982 2602 l.
3013 2552 3064 2602 3.
3093 2568 3215 2621 cap.
3258 2552 3343 2604 12.
3383 2569 3532 2603 num.
3570 2552 3623 2603 2.

2075 2651 2127 2690 ee
2148 2657 2205 2690 se
2283 2677 2295 2690 .

2184 2657 2496 2778 chbolastici
2528 2742 2726 2777 nomen
2752 2722 3025 2793 Apostolis
3065 2724 3254 2791 etiam,
3284 2727 3500 2798 eisque,
3528 2729 3619 2795 qui

2070 2811 2343 2880 Apostolis
2383 2814 2627 2881 proxime
2661 2822 3061 2880 successerunt,
3090 2830 3383 2884 congruere
3417 2823 3622 2883 potest,

2074 2901 2111 2951 l.
2139 2899 2190 2951 2.
2223 2917 2270 2954 c.
2301 2899 2384 2951 12.
2413 2918 2467 2952 n.
2496 2902 2550 2954 8.

2704 3022 3003 3093 Scriptura.

2177 3164 2480 3233 scripturae
2534 3167 2719 3217 Sacrae
2771 3165 3040 3233 expositio
3069 3166 3221 3215 nullo
3252 3165 3415 3216 modo
3457 3166 3620 3235 negli-

2066 3253 2236 3321 genda
2264 3262 2361 3319 est,
2390 3253 2638 3323 Append.
2670 3254 2754 3305 13.
2784 3254 2839 3305 in
2868 3251 3062 3321 Praeti
3082 3252 3288 3306 Bened.
3309 3257 3466 3309 XIV.
3488 3273 3543 3307 η.
3565 3256 3615 3306 4.

2730 3379 2963 3432 Secreta.

2173 3517 2705 3573 Secretanrationes
2732 3517 2788 3568 in
2817 3516 3135 3585 quibusdam
3158 3516 3465 3568 Missalibus
3494 3532 3616 3569 ora-

2062 3604 2239 3658 tiones·
2259 3623 2428 3675 super
2449 3606 2638 3658 oblata
2666 3607 3016 3674 appellantur.
3046 3606 3148 3658 Diu
3178 3616 3347 3657 tamen
3373 3618 3615 3658 secretae

2061 3695 2355 3761 appellatae
2383 3704 2523 3757 sunt,
2553 3702 2610 3744 ut
2648 3693 2712 3743 ab
2749 3693 2817 3743 iis
2855 3692 3277 3760 distinguantur,
3314 3711 3448 3761 quae
3483 3694 3616 3745 elata

2058 3798 2188 3833 voce
2218 3781 2506 3847 dicuntur,
2539 3782 2572 3832 l.
2602 3780 2652 3832 2.
2685 3798 2730 3833 c.
2763 3781 2843 3830 11.
2873 3798 2929 3832 n.
2958 3783 3043 3831 10.
3070 3782 3131 3834 In
3162 3782 3265 3832 tine
3292 3782 3507 3832 ultimae
3535 3798 3613 3833 se-

2059 3878 2228 3921 cretae
2283 3869 2540 3922 Sacerdos
2592 3871 2724 3920 elata
2763 3887 2894 3920 voce
2934 3869 3066 3920 dicit
3086 3887 3191 3938 per
3216 3869 3402 3921 omnia
3431 3871 3619 3922 secula

2052 3960 2382 4020 seculorum,
2408 3967 2465 4009 ut
2495 3960 2727 4025 populus
2755 3956 3075 4026 respondeat
3099 3962 3305 4021 Amen,
3334 3967 3386 4009 et
3414 3959 3610 4010 oratio·

2056 4062 2149 4097 nes
2180 4048 2418 4098 recitatas
2446 4047 2744 4108 contirmet,
2773 4063 2824 4095 n.
2856 4047 2941 4097 12.

2166 4136 2426 4198 Secretae,
2455 4152 2562 4184 non
2594 4154 2619 4184 a
2644 4151 2886 4200 secerno,
2918 4153 3009 4186 seu
3033 4152 3229 4203 separo
3257 4134 3427 4186 dictae
3455 4142 3603 4201 sunt,

2057 4222 2147 4275 sed
2202 4223 2351 4291 quod
2405 4221 2671 4277 submissa
2711 4241 2870 4287 voce,
2910 4241 3044 4293 quae
3083 4243 3110 4274 a
3146 4224 3265 4273 solo
3302 4222 3605 4291 proferente

2055 4309 2316 4373 audiatur,
2348 4311 2555 4363 recitari
2585 4310 2800 4372 debent,
2828 4328 3000 4379 neque
3034 4310 3286 4362 audiendi
3326 4319 3448 4361 sunt
3468 4348 3482 4373 ,
3510 4312 3604 4379 qui

2054 4408 2242 4464 putant
2266 4418 2353 4452 eas
2381 4401 2556 4451 solum
2583 4400 2703 4451 sine
2731 4408 2884 4451 cantu
2913 4417 3028 4451 esse
3056 4398 3378 4461 recitandas,
3409 4400 3443 4449 1.
3472 4398 3523 4449 2.
3555 4416 3601 4450 c.

2050 4485 2138 4538 23.
2175 4505 2229 4538 n.
2257 4488 2343 4551 2.,
2372 4500 2424 4540 et
2446 4505 2590 4555 seqq.
2630 4488 2722 4539 Hic
2764 4504 2882 4538 mos
2919 4496 3173 4551 secretas,
3209 4489 3513 4552 Cauouem,
3548 4495 3604 4539 et

2050 4575 2484 4627 Conse-erationis
2510 4574 2666 4627 verba
2694 4575 2958 4626 submissa
2986 4594 3114 4627 voce
3148 4575 3400 4627 recitandi
3431 4593 3603 4643 neque

2051 4665 2260 4714 saeculo
2299 4665 2471 4727 vltl.‚
2511 4681 2683 4731 neque
2723 4664 2931 4717 saeculo
2970 4663 3016 4715 X
3071 4680 3135 4715 ex
3172 4664 3346 4729 aliqua
3387 4663 3600 4715 fortuita

2049 4768 2199 4800 causa
2232 4752 2469 4802 invectus
2496 4759 2592 4813 est,
2622 4750 2710 4800 sed
2742 4768 2803 4801 ex
2831 4749 3135 4818 Apostolica
3164 4750 3450 4801 traditione
3478 4768 3600 4818 pro·

2051 4840 2213 4890 sectus
2242 4859 2270 4889 a
2298 4839 2493 4907 primis
2533 4839 2867 4906 temporibus
2907 4840 2961 4889 in
3002 4838 3234 4890 Ecclesia
3272 4838 3594 4903 mistoditur,

2047 4946 2080 4976 a
2103 4946 2153 4979 η.
2181 4929 2230 4979 6.
2255 4928 2331 4978 od
2356 4927 2469 4987 12.;
2501 4929 2672 4978 solum
2706 4928 2774 4977 ob
2803 4928 3092 4981 Justiniani
3132 4928 3477 4995 Imperatoris
3506 4944 3600 4976 no·

2047 5017 2233 5067 veliam
2275 5016 2574 5068 CXXXVII.
2617 5018 2844 5085 aliquam
2890 5017 3237 5067 mutationem
3276 5018 3330 5065 in
3365 5016 3596 5066 Ecclesia

2043 5106 2304 5157 Orientali
2354 5124 2535 5174 passus
2572 5114 2682 5168 est,
2720 5122 2827 5155 non
2869 5106 2923 5156 in
2958 5106 3190 5157 Ecclesia
3237 5103 3596 5163 occidentali,

2043 5211 2175 5261 quae
2204 5212 2417 5263 semper
2443 5195 2857 5246 vetustissimum
2891 5194 3047 5244 ritum
3076 5196 3369 5253 Canonem,
3390 5202 3434 5243 et
3458 5193 3597 5242 Con·

2042 5284 2356 5336 sectationis
2385 5283 2540 5336 verba
2569 5292 2772 5339 secreto
2804 5282 3055 5336 recitandi
3099 5283 3341 5341 retinuit,
3381 5299 3434 5331 n.
3479 5280 3590 5342 1³„

2041 5382 2091 5421 et
2112 5390 2257 5439 seqq.

3198 5473 3264 5524 62
