4487 6316
1851 523 1974 575 Lm.
2014 523 2082 577 11.
2121 521 2262 576 CAP.
2305 525 2373 578 11.
2729 536 2734 547 ¹
3479 524 3548 573 37

499 662 650 722 vob-‘s
694 660 884 723 dicum
904 706 922 737 ‚
974 665 1116 742 quia
1159 664 1375 728 Panicae
1419 682 1534 728 non
1581 686 1765 728 onmes
1814 671 2047 727 norunt.

498 756 849 837 Complures
879 758 1063 820 etiam
1093 750 1290 821 textus
1322 762 1482 840 apud
1516 762 1587 834 S.
1610 749 1922 827 Doctorem
1950 761 2055 823 ha-

501 850 745 923 bemuS,
766 871 935 932 ‚quos
966 852 1081 914 loc.
1117 853 1217 915 cit.
1255 854 1540 935 expendit
1573 855 1941 937 Bocquillot,
1977 875 2055 917 ex

494 946 721 1026 quibus
759 956 964 1027 aperte
998 948 1403 1032 intelligitur,
1450 951 1514 1012 in
1559 951 1759 1013 Africa
1808 950 2051 1013 Latinas

499 1040 729 1103 litteras
779 1041 1004 1116 fuisse,
1069 1065 1331 1126 eumque
1380 1066 1718 1157 sermonem
1776 1046 2053 1108 omnium

495 1132 680 1198 fuisse
719 1156 1120 1200 communem.

164 1275 235 1318 A
256 1273 453 1318 mn&
596 1238 673 1292 5.
708 1232 823 1292 Sed
858 1248 979 1294 non
1008 1234 1082 1293 in
1108 1254 1179 1295 eo
1210 1234 1671 1298 Controversiae
1697 1236 1880 1298 cardo
1914 1254 2052 1298 ver-

160 1333 218 1376 ιὸι
245 1334 377 1374 ¹¹⁵⁸·
407 1332 451 1375 in
494 1323 662 1386 titur.
702 1324 861 1387 Illud
893 1345 976 1407 qv.
958 1327 1249 1401 ·aeritur,
1279 1349 1357 1391 an
1394 1330 1490 1404 si,
1529 1339 1691 1419 quae
1726 1329 2051 1392 vernacula

190 1402 426 1490 m
495 1416 633 1492 fuit,
658 1419 893 1500 vulgari
916 1419 1037 1482 alio
1056 1441 1345 1484 sermone
1363 1423 1429 1484 in
1464 1424 1754 1504 populum
1786 1424 2046 1498 invecto,

152 1498 272 1551 ¹¹⁸²
487 1511 801 1573 doctorum
845 1514 1175 1577 duntaxat
1193 1516 1466 1578 virorum
1508 1518 1665 1580 facta
1705 1517 1891 1580 suerit
1931 1518 2049 1578 lin-

489 1626 608 1688 gua
634 1653 652 1680 ,
689 1608 910 1671 Divina
947 1609 1157 1673 Officia
1195 1619 1256 1672 et
1289 1596 1523 1674 Missa
1504 1633 1572 1673 ιιι
1614 1612 2048 1694 novum‘vulgi

490 1721 826 1765 sermonem
857 1702 1260 1768 convertenda
1280 1707 1420 1770 sint.
1461 1707 1530 1769 Id
1561 1727 1706 1769 vero
1724 1716 1834 1782 est,
1865 1726 1903 1769 a
1927 1727 2051 1787 quo

488 1815 722 1877 semper
754 1798 1076 1861 abhorruit
1098 1801 1476 1879 ct·abhorret
1506 1801 1812 1864 Catholica
1845 1802 2048 1864 Eccle-

151 1946 305 2007 ψ
342 1946 444 1989 αὖ·
487 1889 596 1950 sia.
637 1893 709 1952 In
743 1892 1220 1963 Provincialium
1255 1896 1750 1978 Rothor'nagensis
1792 1896 2049 1957 Provin-

152 2002 444 2048 man-aii·
487 1985 615 2047 ciae
646 1980 1055 2049 Conciliorurn
1084 1989 1437 2053 'collectione
1475 1991 1637 2072 apud
1674 1993 1854 2073 Boesy
1888 1998 2053 2052 extat

151 2062 445 2165 2³³3*
487 2080 756 2160 Epistsola
777 2082 1099 2155 Pastoralis
1120 2085 1325 2146 Jacobi
1357 2086 1918 2167 ColbertiEpiscopi
1940 2087 2053 2148 Ro-

493 2174 896 2257 thomagensis
930 2197 1065 2260 pag.
1112 2183 1245 2240 172.
1279 2180 1354 2241 de
1382 2180 1506 2242 hoc
1550 2190 1924 2263 argumente.
1977 2183 2053 2243 Et

489 2288 635 2332 vero
661 2271 800 2351 quis
830 2292 1014 2334 sanae
1048 2274 1265 2335 mentis
1292 2275 1351 2336 id
1381 2276 1616 2339 consilii
1646 2276 1899 2349 dederit,
1930 2294 2054 2356 quo

491 2356 750 2445 populus
789 2367 865 2428 de
899 2367 1117 2430 Missae
1155 2370 1460 2452 Mysteriis
1492 2370 1712 2433 certior
1744 2370 1854 2432 fiat
1889 2369 2053 2451 quod

484 2461 809 2531 'commode
838 2478 945 2542 per
980 2464 1279 2526 Parochos
1310 2474 1371 2527 et
1395 2486 1593 2528 sacros
1625 2466 1907 2528 Oratores
1941 2466 2053 2528 ob-

496 2551 676 2615 tineri
712 2562 944 2634 potest,
981 2558 1263 2620 ut·Missa
1297 2580 1332 2621 e
1367 2559 1583 2635 Latino
1615 2560 1874 2641 exempli
1908 2580 2051 2622 cau-

491 2664 558 2709 sa
575 2667 851 2711 sermone
871 2650 934 2710 in
954 2653 1341 2714 vernaculam
1360 2654 1632 2737 linguam
1643 2664 2049 2730 convertatur

490 2760 630 2811 cum
666 2750 753 2804 tot
792 2743 916 2805 sint
950 2745 1230 2827 vulgares
1274 2746 1518 2829 linguae
1561 2749 1688 2810 risu
1734 2749 1914 2830 plane
1956 2749 2050 2810 di-

488 2855 645 2917 gnae
675 2846 737 2899 et
768 2857 1014 2918 prorsus
1042 2843 1551 2904 contemnendae?
1585 2845 1901 2907 Praeterea
1926 2864 2049 2906 non

491 2931 685 2993 cuivis
731 2935 908 2995 modo
950 2935 1157 3016 genti,
1207 2938 1310 2998 sed
1353 2937 1572 3020 cuique
1612 2959 1766 3020 pene
1807 2939 2050 3002 Civitati

490 3026 814 3108 peculiaris
839 3037 929 3090 σει
955 3028 1186 3111 lingua}
1216 3038 1275 3092 et
1304 3031 1647 3097 labentibus
1677 3034 1853 3095 annis
1870 3054 2051 3115 quae

489 3118 585 3184 vis
611 3122 820 3207 lingua
847 3132 1116 3188 mutatur
1139 3172 1155 3201 ,
1193 3127 1356 3207 quod
1391 3126 1455 3188 in
1491 3128 1706 3191 Latina
1731 3129 2049 3212 contigisse

490 3227 702 3280 narrat
736 3218 1027 3303 Polybius
1058 3220 1167 3284 lib.
1209 3228 1266 3283 3.
1311 3223 1419 3304 qui
1451 3224 1683 3304 primae
1719 3225 1882 3307 pacis
1926 3226 2047 3286 Pu·-

486 3311 658 3376 nicae
690 3314 898 3376 foedus
921 3362 938 3389 ,
976 3316 1204 3378 Punice
1236 3318 1497 3380 secundo
1532 3319 1691 3382 bello
1733 3320 2000 3383 confecto
2023 3367 2042 3395 ,

486 3426 666 3489 aegre
719 3409 1088 3472 intellectum
1132 3431 1261 3474 esse
1310 3421 1581 3475 testatur.
1639 3414 1774 3476 Huc
1819 3414 2048 3478 accedit

486 3502 652 3581 quod
680 3502 747 3564 in
783 3505 1057 3584 qualibet
1092 3506 1422 3570 mutatione
1453 3509 1747 3570 sexcentis
1778 3510 2044 3591 aperire*

486 3604 589 3670 tm·
614 3598 845 3659 occasio
870 3601 1354 3674 contentionibus
1381 3611 1442 3664 et
1472 3603 1755 3665 dissidiis:
1787 3605 2045 3685 populus

484 3701 689 3753 autem
730 3693 947 3780 Missae
984 3695 1049 3756 in
1090 3697 1483 3758 vernaculum
1522 3717 1859 3760 sermonem
1898 3713 2043 3760 'con-

476 3783 687 3849 versae
726 3777 1086 3873 intelligeret
1118 3790 1365 3871 quidem
1401 3793 1588 3855 verba
1614 3839 1631 3867 ,
1681 3812 1921 3855 sensum
1960 3803 2045 3857 ta-

487 3898 625 3941 men
652 3881 904 3946 minime
939 3883 1397 3965 assequeretur,
1440 3888 1603 3966 quod
1643 3887 1911 3950 infinitos
1944 3910 2042 3951 er-

481 3992 650 4036 rores
688 3986 947 4057 pareret.
1003 3979 1144 4041 vid.
1191 3981 1371 4062 Xysti
1420 3979 1699 4046 Senensis
1746 3983 2035 4047 Biblioth.

485 4067 688 4132 Sanct.
728 4072 837 4134 lib.
883 4080 942 4135 5.
994 4094 1124 4154 cap.
1174 4079 1308 4135 172.
1358 4083 1419 4136 et
1465 4075 1572 4138 lib.
1616 4084 1674 4139 s.
1719 4096 1849 4158 cap.
1897 4084 2034 4140 263.

484 4162 740 4227 Hosium
796 4168 1177 4231 Cardinalem
1231 4164 1531 4232 Tractatu⁸
1558 4171 1633 4234 de
1687 4172 1868 4238 Missa
1916 4181 2038 4234 no⁴n

480 4258 742 4341 vulgati,
766 4263 1042 4325 Silvium.
1073 4270 1277 4345 3.‘par.
1303 4265 1532 4345 quaest.
1558 4272 1790 4329 83.art.
1808 4272 1865 4329 ὁ.
1884 4269 2042 4329 Mer-

479 4350 714 4418 hoeium
747 4355 812 4416 in
846 4358 1095 4419 Summa
1128 4358 1468 4420 Christiana
1503 4368 1658 4441 part.
1700 4366 1757 4422 3.
1799 4370 2031 4441 quaest.

479 4451 577 4507 54.
609 4449 1180 4535 Boucat.'1'heolog.
1223 4454 1471 4514 Patrum
1510 4462 1650 4515 tom.
1696 4460 1752 4516 5.
1796 4455 2030 4518 dissert.

480 4543 535 4600 1.
567 4540 642 4602 de
664 4544 852 4604 sacris
878 4545 1285 4607 Caeremoniis
1311 4553 1427 4608 art.
1461 4551 1520 4607 2.
1558 4547 1930 4609 Juveninum
1959 4549 2034 4612 de

474 4632 874 4698 sacramentis
899 4639 1132 4700 disfflrt.
1171 4645 1230 4748 5.
1269 4639 1346 4701 de
1379 4639 1760 4702 Eucharistia
1796 4641 2027 4721 quaest.

476 4733 537 4790 8.
570 4748 699 4810 cap.
733 4737 793 4791 7.

124 4859 433 4905 mm...
558 4830 652 4885 6.
686 4825 814 4886 Etsi
848 4835 1050 4888 autem
1081 4827 1397 4890 manifesto
1422 4826 1665 4909 expedit
1691 4828 1982 4890 Missam
1965 4849 2029 4892 ιιι

127 4916 425 5018 gaf-fir&
466 4920 861 4987 vernaculum
880 4941 1215 4984 sermonem
1243 4942 1375 4984 non
1394 4922 1688 4996 converti,
1723 4932 1919 4985 tamen
1950 4925 2029 4986 ad

128 5036 427 5076 vett-nrm·-
470 5013 661 5095 magis
687 5014 750 5075 id
778 5017 1293 5097 comprobandum
1323 5017 1601 5080 nonnihil
1620 5018 1915 5081 momenti
1951 5019 2028 5080 il-

130 5096 362 5189 md
358 5104 423 5188 ὁ,
395 5103 575 5166 “lud
608 5100 832 5181 habet,
869 5110 1033 5189 quod
1060 5129 1250 5191 usque
1276 5112 1353 5172 ad
1386 5111 1795 5218 captivitatem
1825 5113 2027 5195 Baby-⁸

131 5203 294 5245 '‘⁰¹⁸1·
311 5203 427 5263 ΨΜ
472 5198 731 5262 lonicam
759 5200 968 5284 lingua
993 5204 1210 5268 Sancta
1237 5214 1369 5267 erat
1391 5203 1768 5279 communis,
1798 5215 1858 5267 et
1887 5206 2029 5268 Offi-

471 5292 567 5355 cia
599 5312 671 5354 eo
702 5309 998 5370 sermone,
1030 5317 1212 5378 quem
1237 5317 1446 5359 omnes
1473 5297 1900 5380 intelligerent,
1937 5319 2029 5362 ce-

470 5385 888 5449 lebrabantur.
918 5391 1211 5471 Tempore
1230 5389 1433 5454 autem
1452 5391 1814 5470 captivitatis
1841 5412 2027 5474 popu-

467 5482 566 5545 lus
594 5481 912 5564 paullatim
940 5483 1235 5554 Hebraici
1273 5485 1567 5548 sermonis
1600 5485 1867 5570 oblitus,
1907 5485 2021 5569 Sy-

2165 667 2323 728 riacc
2349 686 2454 728 scu
2481 665 2802 731 chaldaice
2829 667 2999 749 loqui
3027 668 3310 730 assuevit.
3345 669 3435 730 Ea
3467 668 3725 729 servitu-

2165 767 2222 819 te
2247 760 2489 821 tandem
2529 761 2750 842 populo
2777 761 3102 841 perfuncto
3126 807 3143 834 ,
3187 770 3248 823 et
3279 760 3348 821 in
3385 780 3524 822 suas
3560 762 3729 823 seiles

2162 854 2435 927 restituto
2462 900 2478 928 ,
2512 862 2640 915 tum
2669 855 2731 916 in
2765 854 3026 916 lectione
3052 855 3224 938 Legis
3249 901 3265 927 ,
3306 864 3436 916 tum
3474 854 3540 916 in
3583 855 3725 917 reli-

2160 947 2299 1028 quis
2343 948 2602 1028 publicis
2649 949 3094 1030 precationibus
3144 950 3482 1012 Hebraicus
3527 969 3728 1011 sermo

2158 1050 2248 1104 cst
2281 1042 2593 1104 adhibitus
2617 1089 2634 1117 ,
2663 1043 2772 1104 etsi
2794 1046 2922 1127 jam
2959 1063 3079 1103 non
3112 1043 3376 1124 amplius
3403 1043 3588 1124 vulgo
3628 1043 3721 1103 iu-

2160 1134 2550 1218 telligeretur.
2590 1137 2881 1200 Graecam
2929 1137 3202 1220 linguam
3253 1158 3432 1201 nemo
3476 1147 3566 1200 est
3612 1137 3722 1219 qui

2158 1231 2404 1303 nesciat,
2433 1232 2513 1293 ab
2540 1251 2632 1305 ea,
2669 1252 2793 1313 qua
2818 1232 3001 1314 vulgo
3029 1253 3192 1294 nunc
3221 1233 3433 1294 Graeci
3467 1232 3725 1314 loqu'un-

2159 1333 2290 1397 tur,
2326 1325 2596 1388 multum·
2612 1327 2853 1389 distare.
2882 1329 3108 1390 Tamen
3137 1326 3412 1410 Liturgia
3440 1327 3505 1389 in
3533 1326 3721 1401 veteri

2156 1420 2536 1482 Graecorum.
2553 1420 2784 1505 lingua,
2811 1442 2967 1503 quae
2987 1428 3132 1485 tunc
3143 1423 3436 1485 omnibus
3460 1442 3724 1485 commu-

2159 1514 2255 1575 nis
2286 1522 2417 1576 erat
2443 1563 2459 1589 ,
2493 1524 2665 1579 'nunc
2700 1537 2844 1579 vero
2883 1517 3186 1580 duntaxat
3219 1518 3370 1580 viris
3406 1518 3596 1581 doctis
3636 1525 3727 1581 est

2158 1598 2398 1693 cognita
2424 1657 2440 1685 ‚
2471 1612 2806 1675 etiamnum
2835 1613 3168 1675 retinetur-
3188 1615 3259 1676 Id
3286 1633 3431 1676 vero
3469 1613 3725 1676 manife-

2157 1714 2322 1767 stum
2351 1706 2644 1785 indicium
2671 1717 2761 1770 est
2787 1755 2804 1781 ,
2836 1708 3086 1770 minime
3111 1709 3402 1790 expedire
3425 1755 3442 1783 ,
3472 1717 3540 1771 ut
3563 1729 3727 1790 quae

2158 1799 2434 1884 Liturgia
2463 1802 2772 1882 quondam
2802 1803 3012 1886 lingua
3039 1793 3254 1885 populi
3280 1803 3585 1865 communi
3627 1803 3723 1864 in-

2160 1895 2435 1957 troducta
2461 1896 2561 1969 sit,
2585 1897 2956 1960 exolescente
2977 1898 3293 1980 paullatim
3322 1917 3394 1961 eo
3422 1917 3719 1971 sermone.

2158 1996 2226 2051 ιιι
2267 1992 2397 2071 jam
2443 1990 2586 2052 solis
2628 1991 2780 2053 viris
2814 1992 3003 2054 doctis
3038 1993 3310 2076 cognitus
3346 1992 3466 2068 sit,
3515 1993 3725 2057 eadem

2158 2085 2433 2168 Liturgia
2469 2086 2544 2147 *in
2590 2087 2985 2149 vernaculum
3033 2096 3417 2150 convertatur
3463 2088 3722 2153 rudibus

2158 2200 2352 2262 aeque
2377 2202 2446 2243 ac
2491 2182 2770 2245 litteratis
2813 2183 2963 2245 viris
3002 2203 3403 2246 communem.

2279 2282 2337 2338 7.
2375 2278 2462 2337 De
2480 2277 2749 2357 periculo
2777 2285 2980 2340 autem
3007 2298 3085 2341 ne
3112 2280 3175 2339 in
3206 2278 3567 2342 mutationes
3589 2278 3723 2359 plu-
3759 2276 4049 2379 ‘galgan‘-

2159 2369 2302 2431 rimi
2331 2370 2610 2452 foedique
2647 2371 2918 2452 irrepant
2957 2393 3231 2447 errores,
3276 2372 3421 2434 satis
3464 2382 3555 2434 est
3580 2372 3721 2434 Mis·
3785 2406 4021 2437 «mom-

2157 2464 2340 2527 sale
2323 2485 2388 2526 ιιι
2427 2466 2720 2529 Gallicam
2761 2466 3033 2550 linguam
3073 2489 3111 2531 a
3153 2469 3219 2529 P.
3276 2468 3424 2530 Vois
3469 2467 3719 2529 Ordinis
3779 2463 4022 2494 m'm

2158 2550 2649 2623 Praedicatorum
2677 2582 2839 2625 anno
2878 2568 3051 2625 1660.
3083 2582 3450 2625 conversum
3466 2582 3721 2624 comme-
3760 2512 4034 2609 W&

2160 2673 2417 2716 morare.
2443 2654 2602 2717 Huic
2626 2656 2879 2718 novitati
2910 2656 3206 2719 Gallicani
3237 2656 3394 2717 Cleri
3425 2655 3587 2717 zelus
3616 2675 3713 2717 vt}
3752 2623 3881 2724 gg..
3887 2621 4050 2735 effi

2156 2746 2470 2811 hementer
2510 2750 2771 2824 rostitit,
2817 2752 3058 2815 veritus
3086 2772 3161 2813 ne
3197 2751 3553 2813 offensiones
3591 2750 3717 2812 ori·

2159 2851 2371 2903 rentur
2403 2851 2464 2904 et
2495 2844 2817 2927 scandala,
2849 2865 3006 2925 quae
3048 2845 3226 2907 modo
3263 2844 3615 2916 innuimus,
3657 2851 3719 2907 et

2155 2937 2318 3017 apud
2358 2937 2771 3000 Alexandrum
2810 2936 2951 3001 Vll.
2995 2960 3066 3003 ea
3115 2940 3191 3002 de
3238 2960 3305 3001 re
3353 2946 3713 3020 conquestus

2154 3038 2283 3104 est,
2324 3032 2431 3111 qui
2475 3032 2753 3111 Pontifex
2779 3054 2941 3104 anno
2968 3034 3306 3116 insequenti
3348 3053 3482 3096 eam
3520 3034 3710 3095 inter-

2153 3126 2550 3207 pretationem
2589 3129 3052 3204 condemnavit,
3098 3150 3207 3192 nec
3244 3129 3428 3212 Regia
3457 3136 3715 3210 potestas

2153 3220 2841 3306 vimauctoritatemque
2855 3243 3030 3288 suam
3049 3225 3374 3306 desiderari
3398 3243 3567 3304 passa
3588 3230 3706 3296 est,

2153 3334 2277 3395 quo
2317 3317 2623 3379 Pontificis
2663 3322 2981 3381 Decretum
3020 3318 3356 3381 executioni
3399 3318 3710 3380 mandare-

2153 3418 2273 3471 tur.
2316 3411 2524 3474 Totius
2563 3414 2651 3475 rei
2696 3413 3105 3477 narrationem
3143 3434 3282 3476 cum
3336 3412 3709 3476 documentis

2153 3506 2417 3586 reperias
2467 3519 2607 3569 tom.
2672 3513 2729 3570 4.
2791 3507 3080 3572 Biblioth.
3138 3508 3413 3571 Criticor.
3482 3526 3704 3569 sacror.

2151 3619 2289 3682 pag.
2357 3607 2494 3662 583.
2551 3612 2612 3665 et
2660 3611 2804 3664 tom.
2858 3610 2914 3664 3.
2977 3605 3046 3665 Ρ.·
3100 3604 3374 3665 Fontana
3422 3601 3709 3664 adversus

2150 3693 2609 3780 Quesnellianas
2646 3699 3081 3800 propositiones
3119 3717 3253 3780 pag.
3288 3703 3426 3759 9¹6.
3462 3704 3524 3758 et
3558 3703 3700 3757 tom.

2148 3793 2208 3848 2.
2252 3789 2415 3850 citati
2459 3789 2674 3872 Operis
2715 3793 2808 3854 Ρ.
2831 3793 3084 3854 Bellelli.

2267 3889 2327 3944 8.
2377 3885 2456 3946 Ut
2505 3905 2806 3949 summam
2855 3888 3000 3950 huic
3045 3894 3403 3970 argumento
3457 3904 3707 3948 manum
3748 3877 3869 3977 {ff
3844 3890 4029 3920 “““““

2147 3977 2569 4058 imponamus,
2616 3982 2791 4044 liceat
2830 3983 2950 4044 huc
2977 3983 3244 4057 referre,
3287 4002 3445 4063 quae
3470 3981 3765 4043 dudume
3767 3947 4037 4034 utun-'mut

2147 4071 2456 4148 diximus,
2499 4075 2813 4156 Apostolos
2849 4096 3182 4156 eorumque
3226 4093 3588 4138 successores
3635 4072 3701 4133 in
3741 4005 4035 4162 Ξαῇωζῖἶζ

2147 4166 2514 4230 Occidentali
2558 4170 2819 4246 Ecclesia
2847 4171 3032 4233 latine
3067 4172 3310 4233 Missam
3348 4170 3699 4242 celebrasse3
3744 4175 3856 4218 gm-
3819 4165 3907 4215 '¹¹²⁸
3957 4178 4033 4205 ⁰⁰⁰

2146 4280 2217 4323 ea
2257 4263 2419 4324 enim
2461 4264 2668 4347 lingua
2709 4274 2851 4327 tunc
2893 4267 3178 4347 temporis
3215 4265 3499 4327 omnibus
3536 4281 3701 4325 com-
3743 4219 4032 4319 {Zia-⁸⁸
3953 4278 4029 4321 «ι.-

2148 4357 2349 4419 munis
2386 4368 2535 4422 erat.
2583 4360 2892 4422 Obsolevit
2917 4370 3120 4423 autem
3146 4358 3508 4442 paullatim
3491 4378 3554 4418 ιιι
3582 4358 3702 4420 lta-
3740 4333 3955 4380 Μ

2144 4451 2228 4514 lia
2265 4472 2337 4514 ea
2377 4453 2585 4536 lingua
2610 4501 2627 4528 ,
2669 4465 2852 4535 atque
2888 4455 3122 4518 invecta
3160 4464 3249 4517 est
3287 4475 3444 4536 quae
3492 4455 3697 4532 vulqu-

2139 4546 2481 4628 ristdicitur
2508 4594 2524 4620 ,
2564 4548 2817 4629 septimo
2855 4557 2916 4611 et
2951 4557 3162 4611 octavo
3201 4548 3458 4610 saeculo.
3513 4544 3697 4608 Gothi

2138 4638 2303 4700 enim
2342 4640 2409 4701 in
2446 4641 2684 4703 Italiam
2715 4642 2962 4723 quidem
2991 4649 3306 4723 pervasere
3332 4641 3548 4722 quinto
3575 4659 3702 4701 sae-

2140 4733 2278 4796 culo
2321 4735 2566 4816 ineunte
2606 4738 2719 4798 sub
2763 4737 3003 4800 Alarico
3029 4784 3046 4812 ,
3086 4737 3306 4802 Hunni
3342 4735 3527 4797 etiam
3575 4739 3698 4795 sta-

2138 4827 2247 4888 tim
2277 4837 2409 4908 post
2436 4830 2700 4904 medium
2728 4831 3032 4893 saeculum
3059 4832 3173 4893 sub
3200 4830 3418 4902 Attila,
3448 4836 3509 4890 et
3533 4827 3696 4888 Van-

2135 4920 2259 4981 dali
2302 4923 2416 4983 sub
2456 4922 2819 5000 Geuseri003
2860 4926 2964 4987 sed
2991 4922 3370 5006 temporariis
3399 4922 3563 4983 hisce
3606 4921 3695 4980 in-

2135 5014 2518 5090 cursionibus
2557 5036 2700 5079 sane
2750 5018 2938 5080 tribui
2986 5039 3108 5080 non
3160 5017 3352 5099 potest
3397 5015 3462 5076 in
3512 5012 3689 5076 ltalia

2132 5107 2385 5170 Latinae
2424 5109 2667 5192 linguae
2706 5111 2968 5178 amissio.
3000 5111 3179 5186 Quod
3206 5127 3402 5171 sermo
3432 5106 3532 5169 bic
3550 5125 3689 5168 exo-

2131 5200 2354 5264 lescere
2379 5205 2682 5286 coeperit,
2691 5206 2918 5268 Erulis
2943 5204 3353 5267 tribuendum.
3386 5201 3468 5262 ui
3495 5199 3689 5261 Odoa-

2135 5316 2236 5366 cre
2275 5298 2480 5373 Duce,
2522 5318 2705 5388 quem
2745 5301 3000 5364 Romani
3039 5294 3285 5382 Regem'
3300 5296 3679 5366 salutarunt,

2138 5385 2352 5452 Italiae
2386 5391 2566 5475 longe
2606 5393 2847 5475 lateque
2882 5404 3026 5456 sunt
3048 5390 3382 5463 dominati;
3414 5398 3543 5450 tum
3571 5386 3688 5448 Go-

2133 5484 2223 5549 thi
2261 5487 2398 5550 sub
2417 5487 2837 5564 ΤΙιοοᾱωτίοο,
2889 5488 3012 5586 qui
3040 5506 3148 5568 per
3196 5485 3359 5547 idem
3391 5490 3684 5562 ·,tempus

3766 2792 3931 2839 liu-un-

3757 2741 3915 2780 ctnes
3943 2736 4050 2781 cat-
4143 2758 4155 2765 ·
