4487 6316
1821 537 1931 590 us
1989 535 2080 589 ΙΙΙ.
2119 534 2259 589 mv.
2297 536 2340 591 1.

488 683 726 739 tenetur
754 677 1162 753 illudvitare,
1196 687 1266 743 ut
1298 679 1673 743 Sacrificium
1698 677 1915 743 Missae
1942 678 2035 742 di-

3414 536 3506 586 ¹5¹

2142 687 2254 752 est,
2291 699 2400 741 nec
2422 677 2725 742 Sacerdoti
2758 687 2988 743 tantum
3027 677 3286 761 prodest,
3319 676 3422 740 sed
3445 677 3691 738 univer-

487 773 820 856 guegpossit
842 776 1158 838 celebrare
1177 824 1193 847 ,
1243 785 1313 839 ut
1336 776 1505 840 docet
1531 775 1782 838 Azorius
1809 793 1937 865 par.
1977 780 2033 836 1.
2074 774 2077 785 “
2144 772 2257 837 sali
2279 773 2613 849 Ecclesiam
2645 783 2771 836 tum
2796 774 2943 856 quia
2971 773 3277 846 Sacerdos,
3309 793 3447 835 eum
3474 770 3692 834 Missae

490 868 600 931 lib.
639 874 732 930 10.
781 889 912 949 cap.
945 875 1043 932 24.
1090 878 1321 951 quaest.
1375 875 1429 932 1.
1462 870 1568 932 ubi
1598 869 1747 932 haec
1785 869 2036 931 scribit:

492 961 612 1023 Nec
633 965 1138 1035 absolccrem'eum,
1168 967 1271 1042 qui
1289 992 1294 999 ·
1310 974 1585 1026 statueret·
1626 982 1918 1043 nunquam
1937 983 2042 1045 per

427 1081 431 1085 ·
490 1066 669 1117 totum
688 1058 833 1118 anni
847 1078 1074 1119 cursum
1092 1058 1310 1121 Missae
1330 1058 1693 1140 Sacrificium
1711 1059 1890 1137 [acere
1900 1080 1923 1127 ,·
1943 1079 2041 1120 nec

185 4955 426 5011 frequens,

154 5011 282 5052 fimum
312 5010 459 5066 qnoti-

157 5067 281 5109 diana
304 5071 458 5110 stu-sae

185 5123 414 5166 edeta-atio

155 5194 283 5236 magne
349 5195 458 5223 eon·

155 5240 284 5294 grnit,
318 5253 456 5294 qnam

489 1169 816 1213 excusarem
836 1152 984 1225 eum,
1019 1153 1123 1231 qui
1136 1172 1430 1232 nunquam
1453 1172 1558 1233 per
1584 1171 1801 1213 annum
1822 1153 2043 1234 sacrifi-

488 1258 604 1318 cat,
632 1249 771 1326 quia
798 1248 1114 1326 frequenter
1135 1267 1360 1328 peccare
1382 1248 1564 1315 solet:
1585 1250 1872 1328 peccatum
1893 1249 2043 1307 enim

492 1352 572 1402 est
601 1343 987 1402 voluntarium
1012 1389 1027 1412 ,
1075 1353 1126 1401 et
1156 1343 1391 1423 proinde
1417 1344 1481 1403 id
1523 1361 1712 1403 cavere
1752 1352 1804 1401 et
1833 1343 2040 1403 evitare

490 1438 678 1508 debet,
711 1447 778 1496 at
811 1437 976 1515 dique
1009 1435 1224 1505 Missae
1254 1435 1619 1518 Sacrificium
1664 1436 1843 1513 [acere
1872 1446 1924 1496 et
1952 1436 2039 1514 of-

490 1532 636 1610 ferre
660 1537 861 1611 queat:
894 1549 991 1589 nec
1018 1531 1189 1591 etiam
1221 1521 1367 1603 etim,
1398 1532 1500 1609 qai
1528 1530 1806 1591 conmode
1834 1531 1905 1591 ab
1935 1549 2039 1591 ex-

490 1625 1003 1709 communicatione
1019 1624 1232 1684 absolvi
1247 1673 1262 1694 ,
1310 1635 1414 1686 aut
1456 1626 1529 1687 ab
1574 1627 2002 1704 irregularitate
2018 1674 2034 1698 ,

488 1740 605 1800 qua
637 1730 854 1779 tenetur
868 1720 992 1798 ‚sice
1015 1719 1355 1800 impeditur,
1389 1720 1624 1780 liberari
1648 1729 1852 1799 potest,
1898 1728 1949 1779 et
1976 1719 2054 1808 td,

490 1834 606 1874 non
626 1824 793 1875 curat
818 1861 834 1884 ‚
873 1815 985 1873 sice
1008 1815 1231 1875 nullam
1269 1816 1334 1874 in
1375 1833 1443 1874 eo
1465 1815 1819 1892 diliqento'am
1842 1817 2031 1895 pertiti

488 1908 855 1982 Dicendum,
904 1915 1221 1989 corruptae
1265 1908 1425 1970 vitae
1465 1927 1591 1970 esse
1632 1908 1925 1970 indicium
1975 1918 2034 1971 et

488 2018 702 2083 parere
721 2001 1114 2089 scandalum,
1148 2000 1199 2063 si
1234 2002 1373 2083 quis
1402 2002 1698 2064 abstineat
1720 2023 1827 2083 per
1845 2010 2038 2064 totum

488 2115 719 2159 annum
751 2117 788 2158 a
814 2096 995 2158 Missa
1038 2095 1441 2170 Celebranda3
1494 2117 1563 2159 ac
1613 2096 1989 2159 Sacerdotem
2015 2143 2033 2172 ,

488 2191 596 2272 qui
630 2210 943 2272 nunquam
973 2210 1079 2271 per
1107 2209 1336 2252 annum
1366 2190 1698 2264 sacrificet,
1753 2192 1923 2273 gravi
1974 2212 2038 2254 se

485 2293 724 2365 peccato
756 2284 1162 2365 obstringere,
1194 2292 1263 2344 ut
1305 2285 1515 2346 statuit
1538 2284 1718 2346 Card.
1762 2285 1837 2347 de
1869 2285 2036 2367 Lugo

489 2376 564 2440 de
589 2379 852 2441 Sacram.
884 2379 1145 2441 Euchar.
1182 2378 1403 2460 disput.
1453 2384 1551 2440 20.
1583 2388 1723 2441 sect.
1760 2384 1815 2440 1.
1850 2379 2037 2441 Hodie

488 2475 598 2533 cix
618 2493 775 2554 posse
811 2476 1077 2535 excusari
1105 2494 1141 2534 a
1162 2476 1330 2553 qraci
1369 2472 1726 2534 Sacerdotem
1765 2494 1878 2533 non
1905 2475 2037 2534 cele-

490 2569 742 2627 brantem
757 2589 859 2648 per
888 2580 1064 2627 totam
1083 2589 1321 2639 annum,
1352 2572 1491 2648 qaia
1516 2570 1844 2630 scandalum
1867 2589 2036 2648 yrace

488 2649 714 2741 qencrat
740 2711 755 2734 ,
812 2674 863 2723 et
908 2654 1185 2724 indicium
1226 2675 1303 2723 cst
1347 2666 1803 2743 corruptissimae
1852 2666 2028 2724 citae.

488 2752 762 2835 Denique
810 2755 1129 2818 dicendum
1158 2803 1174 2830 ,
1212 2756 1690 2818 circumstantias
1743 2757 2035 2837 quasdam

484 2868 654 2928 posse
687 2869 1000 2911 occurrere
1024 2895 1041 2923 ,
1078 2850 1140 2910 in
1172 2851 1395 2931 quibus
1426 2852 1540 2911 sub
1569 2849 1805 2912 mortali
1832 2859 2032 2913 tenea-

488 2951 587 3005 tur
606 2944 893 3005 Sacerdos
914 2944 1219 3007 celebrare
1246 2965 1352 3025 per
1375 2965 1628 3019 annum,
1660 2944 1890 3007 etiamsi
1915 2947 2034 3007 Do-

488 3037 727 3099 minicis
770 3047 830 3100 et
860 3038 1024 3100 sestis
1051 3039 1266 3101 diebus
1301 3040 1590 3113 celebret,
1624 3047 1771 3121 puta
1800 3039 1848 3101 si
1880 3038 2034 3102 cele-

489 3131 731 3196 branda
750 3133 932 3195 Missa
963 3153 1115 3215 opus
1137 3142 1319 3208 esset,
1354 3141 1421 3196 ut
1461 3134 1705 3196 infirmo
1730 3133 2035 3196 viaticum

486 3225 858 3288 deferretur.
898 3227 1227 3290 Grancolas
1263 3228 1327 3288 in
1363 3228 1567 3290 Veteri
1597 3227 1896 3291 Ecclesiae
1926 3228 2035 3290 Sa*

466 3321 894 3383 -cramentario
919 3343 1048 3403 par.
1081 3327 1135 3383 1.
1154 3342 1291 3405 pag.
1308 3328 1445 3384 709.
1471 3323 1882 3404 quaestionem
1902 3342 2038 3404 pro-

488 3415 692 3496 ponit,
738 3423 943 3477 utrum
990 3409 1279 3479 Sacerdos
1299 3464 1315 3491 ,
1347 3418 1455 3498 qui
1500 3438 1620 3479 non
1651 3417 1806 3499 gerit
1827 3436 2036 3479 curam

487 3509 866 3585 animarum,
904 3511 1010 3573 diu
1039 3511 1224 3594 possit
1250 3533 1287 3574 a
1336 3511 1517 3574 Missa
1538 3512 1897 3574 celebranda
1928 3508 2038 3573 ab·

490 3603 748 3666 stinere:
791 3607 862 3667 1).
896 3606 1163 3669 Thomae
1190 3607 1439 3668 innixus
1468 3606 1777 3668 doctrinae
1830 3605 2037 3667 eadem

489 3700 692 3773 sentit,
718 3720 875 3781 quae
907 3721 945 3764 a
974 3701 1150 3763 nobis
1177 3701 1454 3782 superius
1475 3700 1633 3762 dicta
1661 3707 1823 3761 sunt.
1858 3699 2040 3761 Illum

486 3800 686 3855 autem
715 3794 1036 3857 articulum
1057 3815 1133 3856 ne
1153 3795 1395 3877 attingit
1418 3794 1686 3876 quidem,
1711 3814 1859 3855 num
1894 3792 2039 3855 Mis—

488 3904 617 3946 sam
647 3886 957 3948 celebrare
998 3888 1279 3949 omittens
1306 3888 1381 3949 iis
1434 3887 1649 3948 diebus
1674 3935 1690 3958 ,
1744 3906 1897 3968 quos
1930 3906 2041 3948 no-

491 3980 877 4056 minavimus,
909 3981 1176 4063 graviter
1197 4027 1215 4056 ,
1268 4001 1346 4043 an
1377 3980 1694 4043 venialiter
1728 3988 1945 4062 peccet.

1073 4169 1328 4235 CAPUT
1372 4170 1454 4231 11.

495 4358 706 4421 Utrum
738 4362 1154 4421 convenientius
1181 4362 1257 4421 sit
1289 4369 1341 4419 et
1363 4360 1440 4419 ad
1480 4361 1716 4419 mentem
1752 4356 2040 4418 Ecclesiae

569 4456 805 4535 propius
844 4456 1070 4517 accedat
1109 4456 1383 4516 celebrare
1408 4501 1423 4524 ,
1472 4472 1551 4514 an
1603 4472 1718 4512 non
1765 4452 2040 4512 celebrare

574 4550 856 4627 quotidie:
898 4552 1171 4611 celebrare
1211 4550 1527 4629 frequenter
1541 4594 1558 4619 ‚
1607 4566 1687 4607 an
1706 4547 1893 4606 nanus
1926 4545 2041 4623 [re-

569 4653 801 4722 quenter
825 4685 841 4702 .

504 4835 559 4891 1.
605 4783 863 4897 Suarez
883 4838 1023 4893 sect.
1050 4834 1109 4891 2.
1141 4830 1251 4892 loc.
1278 4830 1380 4892 cit.
1432 4828 1846 4911 quaestionem
1871 4825 2043 4887 theo-

502 4926 690 5009 logice
703 4934 935 5000 tractat,
966 4946 1043 4987 an
1076 4924 1528 4988 convenientius
1547 4922 1646 4995 sit,
1676 4933 1892 4983 etcum
1919 4917 2043 5000 spi-

498 5021 623 5083 ritu
652 5020 949 5083 Ecclesiae
975 5019 1170 5102 magis
1196 5025 1525 5102 congruat,
1562 5016 1864 5079 celebrare
1890 5028 2043 5095 quo-

499 5114 643 5176 tidie
676 5115 952 5188 Missam,
990 5135 1069 5177 an
1094 5134 1254 5188 non;
1304 5121 1364 5175 et
1386 5111 1596 5174 statuit
1626 5111 1703 5172 ad
1745 5107 2045 5171 Ecclesiae

496 5208 776 5289 spiritum
824 5210 1105 5290 proprius
1163 5208 1439 5271 accedere
1484 5214 1545 5267 et
1593 5202 2046 5267 convenientius

160 5297 457 5385 “·““”1··“··’·.-
497 5323 624 5365 esse
651 5302 906 5385 singulis
953 5303 1166 5365 diebus
1192 5299 1567 5363 Sacrificium
1599 5298 1813 5370 facere,
1863 5296 2046 5376 idque

159 5359 308 5394 latren

155 5415 241 5474 tit-³
307 5366 462 5453 12:25-
498 5396 921 5459 Sacerdotibus
972 5397 1428 5468 inculcandum;
1484 5401 1610 5455 tum
1655 5389 2043 5472 quia·Sacri-

154 5480 255 5509 ⁸22·

499 5491 719 5554 licendi
758 5511 979 5556 munus
1020 5511 1141 5555 non
1190 5490 1519 5572 privatum,
1542 5513 1545 5518 ’
1569 5486 1669 5549 sed
1695 5484 2001 5568 publicum
2023 5530 2039 5558 ,

2143 869 2538 931 celebrandae
2581 869 2956 950 potissimum
2983 876 3359 932 consecratus
3401 867 3511 942 sit,
3548 886 3689 948 pro-

2147 964 2351 1045 prium
2381 973 2441 1026 et
2463 963 2763 1044 peculiare
2787 964 3098 1047 Jus‘habet
3117 962 3405 1025 Sacrificii
3432 964 3689 1024 offeren-

2146 1058 2243 1132 di,
2291 1055 2471 1140 eique
2517 1059 2906 1140 praecipuum
2957 1067 3191 1140 praesto
3236 1067 3327 1121 est
3370 1058 3477 1119 Dei
3513 1056 3691 1120 auxi-

2148 1154 2333 1227 lium,
2373 1163 2441 1216 ut
2491 1154 2671 1236 digne
2699 1155 2888 1236 possit
2932 1155 3259 1218 celebrare:
3305 1154 3571 1217 declarat
3599 1161 3691 1214 ta-

2148 1267 2320 1322 men,
2356 1268 2418 1311 se
2448 1270 2567 1310 non
2598 1269 2837 1332 negare,
2870 1250 3019 1332 quin
3054 1251 3207 1312 bene
3248 1248 3449 1324 faciat,
3485 1249 3534 1312 si
3580 1248 3690 1312 ali-

2147 1344 2392 1426 quando
2437 1345 2721 1407 Sacerdos
2761 1364 2883 1407 non
2942 1345 3203 1407 celebret
3225 1390 3242 1418 ,
3294 1344 3387 1407 vel
3445 1353 3691 1426 propter

2146 1439 2548 1500 reverentiam
2573 1484 2590 1512 ,
2627 1439 2720 1500 vel
2747 1447 2991 1520 propter
3019 1439 3298 1501 timorem
3323 1485 3340 1512 ‚
3374 1458 3451 1500 ne
3485 1438 3545 1499 id
3572 1438 3689 1499 sibi

2144 1532 2221 1595 sit
2255 1532 2434 1605 utile;
2464 1533 2670 1614 aitque
2689 1552 2840 1614 opus
2866 1532 2955 1594 illi
2980 1532 3312 1614 aliquando
3337 1552 3462 1594 csse
3485 1531 3565 1595 ab
3586 1532 3695 1595 ali-

2145 1642 2269 1707 quo
2296 1627 2611 1689 Sacerdote
2639 1627 2958 1690 consilium
3006 1635 3235 1709 petere.
3279 1626 3551 1689 Persicus
3613 1627 3690 1690 de

2144 1722 2445 1783 Sacerdot.
2504 1721 2722 1784 Officio
2747 1722 2861 1784 lib.
2899 1728 2953 1784 1.
3012 1722 3160 1784 dub.
3203 1725 3260 1783 t.
3305 1722 3688 1795 considerat,

2144 1818 2450 1883 celebrare
2487 1817 2730 1879 Missam
2761 1818 2989 1880 bonum
3029 1836 3154 1879 esse
3194 1836 3270 1878 ea:
3313 1836 3506 1895 qenere
3547 1837 3648 1877 sao
3671 1860 3690 1890 ,

2143 1912 2445 1974 abstinere
2473 1921 2671 1974 autem
2696 1930 2730 1972 a
2763 1911 2944 1973 Missa
2966 1911 3325 1973 celebranda
3349 1911 3576 1972 bonum
3598 1928 3692 1971 es-
3753 1962 3756 1965 ,

2143 2025 2206 2067 se
2227 2026 2332 2086 per
2351 2006 2603 2066 accidens
2625 2052 2642 2077 ‚
2673 2004 2836 2085 quod
2864 2013 3066 2067 autem
3095 2004 3321 2065 bonum
3346 2010 3435 2064 est
3468 2023 3572 2083 per
3612 2024 3690 2075 sc,

2146 2097 2323 2182 longe
2356 2100 2572 2161 melius
2593 2118 2740 2173 esse,
2773 2119 2957 2180 quam
2989 2099 3215 2161 bonum
3242 2118 3346 2178 per
3391 2097 3647 2158 accidens
3669 2141 3687 2158 .

2145 2193 2395 2255 Celebre
2436 2202 2556 2268 est,
2587 2193 2750 2275 quod
2785 2191 3117 2255 excitandis
3143 2190 3563 2253 Sacerdotibus
3611 2190 3690 2253 ad

2142 2280 2556 2369 qnotidianam
2580 2335 2597 2362 ,
2642 2296 2750 2350 aut
2776 2286 3149 2368 frequentem
3185 2286 3400 2348 Missae
3430 2285 3693 2347 celebra-

2145 2383 2372 2445 tionem
2412 2383 2649 2464 scripsit
2701 2384 2774 2444 D.
2811 2384 3235 2444 Bonaventura
3262 2380 3338 2444 de
3365 2381 3696 2460 Praepara-

2144 2477 2310 2539 tioue
2340 2478 2431 2538 Ad
2467 2478 2707 2539 Missam
2731 2497 2862 2557 cap.
2896 2483 2954 2538 5.
2989 2475 3261 2538 Sacerdos
3288 2476 3390 2553 qui
3417 2494 3531 2533 non
3560 2476 3695 2535 cele-

2141 2572 2290 2643 bret,
2322 2581 2600 2651 quantum
2627 2572 2829 2651 inipso
2851 2582 2952 2640 est,
2981 2572 3174 2651 privat
3207 2567 3544 2628 Trinitatem
3574 2569 3698 2628 lau-

2141 2668 2286 2727 deet
2307 2668 2514 2745 qloria,
2566 2664 2807 2745 Anqelos
2855 2666 3114 2734 laetitia,
3147 2672 3458 2742 peccatores
3485 2662 3649 2721 tertia
3675 2707 3693 2730 ‚

2132 2761 2315 2838 justos
2345 2760 2590 2819 subsidio
2608 2770 2660 2819 et
2676 2761 2868 2838 qratia
2886 2806 2902 2828 ,
2932 2760 2996 2817 in
3029 2756 3373 2836 Purqatorio
3400 2756 3695 2815 existentes

2144 2856 2437 2933 refrigerio
2462 2902 2477 2925 ,
2521 2853 2833 2914 Ecclesiam
2874 2851 3094 2913 Christi
3137 2851 3370 2931 speciali
3405 2850 3691 2931 beneficio,

2143 2960 2192 3009 et
2220 2970 2275 3009 se
2297 2952 2481 3029 ipsum
2520 2949 2797 3009 ntcdicina
2828 2958 2879 3007 et
2910 2936 3149 3008 remedio
3189 2956 3386 3033 contra
3413 2945 3695 3024 quotidia-

2140 3062 2217 3102 na
2240 3052 2467 3122 peccata
2495 3051 2546 3100 ct
2572 3042 2928 3122 infirmitates
2944 3083 2959 3099 .
2984 3040 3062 3101 Et
3083 3039 3143 3099 S.
3171 3037 3513 3099 Antoninus
3534 3052 3695 3098 sum-

2142 3155 2282 3197 mae>
2307 3139 2364 3196 3.
2395 3154 2525 3214 par.
2582 3134 2672 3197 tit.
2707 3139 2763 3196 3.
2796 3154 2926 3214 cap.
2967 3138 3026 3195 6.
3065 3132 3129 3216 §.
3162 3136 3256 3193 15.
3295 3130 3373 3194 ad
3404 3130 3691 3212 frequen-

2142 3231 2357 3292 tiorem
2384 3231 2599 3292 Missae
2620 3229 3083 3291 celebrationem
3108 3226 3530 3289 inculcandum
3554 3245 3693 3288 con-

2140 3325 2363 3386 siderat
2401 3322 2691 3386 Sacrificii
2743 3322 3102 3408 dignitatem
3140 3329 3201 3383 et
3243 3318 3684 3392 excellentiam,

2145 3438 2390 3480 suavem
2412 3436 2596 3498 quam
2648 3433 2746 3478 ex'
2771 3435 2843 3478 eo
2895 3414 3179 3478 Sacerdos
3226 3413 3545 3475 utilitatem
3594 3432 3693 3474 ca-

2146 3511 2268 3593 pit,
2300 3511 2611 3573 commoda
2633 3509 2963 3591 spiritalia,
2993 3528 3150 3590 quae
3180 3507 3320 3568 inde
3347 3506 3425 3569 ad
3460 3504 3695 3567 Fideles

2147 3604 2628 3687 proficiscuntur,
2665 3603 2771 3685 qui
2803 3603 3021 3665 Missae
3056 3597 3328 3673 adstant,
3358 3618 3512 3660 onus
3533 3598 3695 3679 quod

2147 3700 2444 3762 incumbit
2484 3697 2903 3761 Sacerdotibus
2938 3703 3208 3776 suscepto
3239 3693 3574 3754 ministerio
3619 3691 3695 3754 fi-

2148 3795 2361 3857 deliter
2403 3790 2836 3865 satisfaciendi,
2872 3811 3010 3853 cum
3040 3787 3405 3853 Sacerdotali
3458 3787 3691 3849 Ordine

2146 3898 2288 3951 sunt
2314 3887 2566 3961 initiati,
2603 3885 2894 3948 nimirum
2916 3893 2987 3948 ut
3008 3885 3167 3947 inter
3187 3881 3694 3945 Deumsmediato-

2146 4003 2243 4046 res
2279 3983 2402 4045 sint
2430 3990 2491 4044 et
2517 3981 2824 4054 homines,
2874 3987 2935 4042 et
2960 3987 3137 4041 orent
3169 3996 3279 4058 pro
3325 3975 3482 4038 vivis
3508 3981 3691 4055 atque

2145 4076 2445 4139 defunctis
2468 4122 2485 4150 ,
2531 4095 2602 4137 ac
2630 4074 2892 4154 denique
2919 4071 3255 4154 periculum
3281 4117 3298 4144 ,
3330 4069 3427 4132 cui
3474 4068 3552 4131 sit
3588 4068 3694 4131 ille

2144 4171 2476 4244 obnoxius,
2527 4168 2633 4252 qui
2679 4188 2819 4231 raro
2860 4168 3125 4229 celebrat
3168 4165 3445 4237 Missam,
3492 4159 3569 4224 ne
3621 4161 3690 4222 in

2145 4264 2413 4346 aliquem
2464 4263 2711 4327 labatur
2752 4261 3086 4334 defectum,
3147 4278 3270 4340 quo
3301 4257 3397 4320 vel
3436 4255 3688 4318 omnino

2108 4411 2113 4420 .
2144 4358 2431 4440 indignus
2455 4355 2870 4420 satisfaciendo
2899 4373 3008 4415 suo
3041 4351 3301 4424 muneri,
3334 4349 3427 4412 vel
3451 4346 3696 4410 inhahi-

2147 4452 2222 4513 lis
2251 4451 2359 4513 fiat
2383 4494 2398 4510 .
2438 4450 2604 4526 Quas
2622 4449 2868 4530 quidem
2903 4447 3164 4509 rationes
3196 4462 3404 4507 omnes
3429 4442 3560 4504 fuse
3597 4461 3696 4503 re·

2146 4546 2340 4626 peries
2367 4545 2693 4626 explicatas
2726 4543 2794 4604 in
2836 4540 3205 4604 Dictionario
3234 4540 3453 4602 Pontas
3506 4536 3694 4599 verbo

2144 4639 2334 4703 Missa
2364 4659 2481 4702 cas.
2538 4645 2636 4700 50.

2265 4739 2326 4795 2.
2364 4734 2519 4795 Sunt
2544 4741 2743 4794 tamen
2784 4731 2892 4812 qui
2934 4737 3143 4793 contra
3175 4734 3430 4810 putant,
3475 4724 3690 4787 melius

2148 4826 2520 4900 consultum,
2551 4827 2601 4888 si
2631 4825 2938 4908 pauciores
2963 4825 3181 4886 Missae
3209 4822 3692 4908 celebrarentur,-

3757 4743 3951 4786 Ratione
3975 4773 3990 4796 ,

3733 4800 3885 4858 quum
3921 4813 4004 4841 rari

3736 4864 3798 4900 tae
3813 4855 4029 4901 celebran-

2148 4920 2462 4984 aedictum
2495 4918 2852 4981 Tertulliani
2878 4923 3206 5000 oggerunt,
3252 4913 3484 4995 Semper
3504 4914 3687 5019 aban-
3729 4913 3824 5014 gin
3850 4913 4027 5005 qnam:

2150 5016 2352 5076 dantia
2387 5015 2782 5075 contumeliosa
2811 5015 2876 5072 in
2896 5020 3078 5082 secst,
3112 5018 3174 5072 et
3199 5007 3352 5070 illud
3397 5005 3688 5069 Amalarit
3731 5036 3801 5072 nne
3824 5056 3839 5071 .

2151 5108 2398 5172 Diaconi
2447 5106 2730 5169 Meteusis
2768 5106 2878 5169 lib.
2925 5111 2984 5168 3.
3015 5105 3091 5166 de
3133 5102 3469 5166 Ecclesiast.
3520 5097 3690 5162 offic.

2154 5203 2443 5281 Quicquid
2489 5221 2625 5263 raro
2643 5202 2707 5282 fit
2731 5202 3029 5281 pretiosius
3048 5201 3114 5281 fit
3140 5219 3267 5260 cam
3291 5198 3392 5278 ῥίς
3439 5193 3700 5256 afferunt

2148 5297 2330 5359 etiam
2349 5293 2886 5356 considerationem
2915 5291 3112 5354 devoti
3136 5288 3412 5352 Auctoris
3441 5286 3524 5345 Dc
3550 5283 3692 5344 Imi-

2153 5392 2360 5451 tatione
2386 5386 2641 5456 Christi:
2672 5387 2723 5450 is
2749 5375 3034 5450 adversus
3061 5383 3257 5446 cordis
3285 5379 3567 5443 duritiem
3591 5376 3697 5437 ho-

2153 5483 2387 5546 minum
2418 5481 2755 5556 exclamat,
2796 5481 2903 5562 qui
2951 5480 3026 5541 de
3067 5485 3235 5540 tanto
3267 5484 3511 5554 tamque
3537 5469 3693 5533 inet-
