4487 6316
1667 519 1894 576 tit-:tum
1932 518 2357 575 mortanum!

409 709 585 753 eonio,
615 698 659 741 et
693 685 1065 747 subdiacono,
1093 683 1326 752 exceptis
1355 679 1545 734 diebus
1574 678 1748 746 sestis,
1776 679 1961 733 Domi·

411 781 584 842 uicis,
612 787 663 831 et
687 779 896 830 Octava.
933 773 1068 827 thid.
1100 792 1151 823 n.
1186 773 1267 823 14.

860 898 1062 953 Missae
1088 893 1508 965 Defunctorum.

527 1044 586 1095 ln
615 1040 923 1111 duplicibus
952 1041 1155 1110 primae
1205 1038 1423 1099 classis,
1475 1036 1636 1089 etiam
1692 1039 1964 1103 praesente

414 1129 695 1195 cadavere,
748 1146 858 1180 non
909 1137 1086 1198 potest
1136 1127 1331 1178 cantari
1362 1125 1523 1178 Missa
1569 1122 1962 1176 defunctorum.

416 1221 579 1272 Decr.
611 1220 663 1272 S.
693 1220 758 1270 B.
797 1218 851 1270 C.
881 1234 934 1269 n.
962 1217 1046 1267 13.
1080 1217 1198 1269 183.

525 1307 899 1359 Potesttamen
931 1307 1106 1369 unica,
1129 1303 1218 1354 die
1237 1300 1544 1364 Dominica,
1571 1307 1624 1352 et
1649 1297 1768 1350 aliis
1797 1294 1963 1358 sestis,

411 1412 552 1462 quae
581 1411 689 1445 non
719 1393 1064 1447 solemniora.
1097 1390 1234 1444 thid.
1261 1407 1313 1440 n.
1345 1390 1466 1441 169.

525 1484 686 1533 Missa
716 1481 780 1533 de
808 1482 1061 1551 Requiem
1095 1487 1268 1548 potest
1300 1475 1551 1530 celebrari
1582 1483 1724 1526 extra
1750 1471 1921 1523 Altare
1943 1508 1961 1534 ‚

419 1570 510 1620 nbi
542 1570 841 1637 expositum
867 1577 946 1620 est
966 1570 1051 1620 SS.
1081 1570 1498 1628 Sacramentum,
1522 1561 1819 1613 dnmmodo
1842 1558 1967 1610 haec

416 1657 686 1724 expositio
717 1669 827 1720 nnn
857 1658 929 1706 sit
954 1672 1055 1724 pro
1082 1656 1298 1723 publiea
1323 1671 1494 1705 cansa.
1524 1649 1662 1703 thid.
1691 1666 1745 1700 n.
1776 1649 1895 1700 168.

532 1746 720 1796 Missae
749 1743 982 1812 privatae
1011 1743 1389 1795 detunctorum
1422 1738 1677 1791 celebrari
1707 1752 1815 1787 non
1847 1748 1968 1802 pos·

417 1841 546 1884 sunt
581 1851 607 1882 a
635 1831 1012 1884 Sacc-rdotihus
1068 1828 1415 1883 recitantibus
1444 1827 1684 1878 ofticiuiu
1736 1823 1805 1876 de
1834 1823 1967 1875 sesto

419 1920 656 1988 duplici,
686 1931 732 1971 et
762 1918 1160 1971 confluentibus
1189 1919 1252 1968 ad
1282 1918 1543 1969 Ecclesias
1572 1914 1661 1966 nbi
1706 1913 1766 1965 lit
1789 1912 1856 1965 de
1892 1927 1971 1963 se·

418 2008 705 2075 iuzduplici
758 2007 897 2060 thid.
924 2025 978 2059 ιι.
1010 2009 1133 2059 161.
1160 2007 1422 2058 Similiter
1467 2005 1509 2055 si
1542 2000 1874 2054 recitaverint
1902 1998 1968 2051 de

420 2094 792 2162 semiduplici,
821 2103 868 2147 et
921 2093 1193 2145 confluant
1242 2092 1307 2143 ad
1337 2090 1627 2144 Ecclesiam
1660 2088 1749 2141 ubi
1779 2090 1852 2139 sit
1902 2086 1969 2140 de

417 2183 645 2250 duplici.
674 2182 817 2235 thid.
845 2198 895 2233 ιι.
926 2180 1016 2233 82.

529 2271 721 2321 Missae
748 2270 1123 2322 ‹lesunctorum
1152 2286 1277 2321 non·
1294 2278 1521 2338 possunt
1573 2263 1831 2318 celebrari
1863 2264 1968 2315 nisi

422 2376 542 2407 eum
571 2359 755 2409 colore
783 2360 969 2426 nigro,
999 2360 1077 2409 vel
1107 2360 1290 2409 saltem
1321 2358 1580 2407 violaceo.
1616 2352 1756 2405 lbid.
1786 2370 1838 2402 n.
1868 2353 1955 2403 86.

534 2448 594 2498 ln
624 2446 805 2498 Missis
853 2446 1225 2498 defunctorum
1254 2462 1366 2495 non
1415 2440 1737 2495 extrahenda
1762 2440 1918 2508 Pyxis
1943 2458 1971 2491 e

418 2534 792 2588 Tabernaculo
814 2533 887 2585 ob
920 2531 1424 2585 communicandum
1447 2531 1728 2600 populum,
1745 2528 1834 2580 sed
1861 2544 1975 2595 par·

421 2622 611 2674 ticulae
639 2621 691 2671 in
717 2621 831 2688 ipsa
852 2623 1012 2673 Missa
1040 2629 1157 2671 sunt
1178 2619 1585 2672 consecrandae.
1612 2617 1819 2671 Ibida.
1852 2617 1972 2669 146.

530 2708 899 2760 Anniversaria
916 2716 965 2760 et
990 2708 1181 2761 Missae
1200 2708 1266 2759 de
1287 2707 1538 2775 Requiem
1565 2722 1701 2775 quae
1721 2714 1866 2757 certo
1888 2704 1974 2757 die

425 2796 533 2847 dici
565 2813 673 2846 uon
709 2795 931 2860 debent,
965 2796 1234 2848 transferri
1285 2804 1506 2863 possunt
1536 2796 1591 2845 in
1646 2802 1975 2862 sequentem.

427 2884 567 2937 laid.
598 2902 651 2936 n.
700 2885 789 2936 34.
819 2886 881 2935 Et
933 2894 1058 2935 tunc
1086 2882 1342 2933 cantanda
1381 2890 1460 2934 est
1485 2883 1646 2934 Missa
1673 2882 1783 2933 sive
1828 2888 1894 2931 *ut
1919 2879 1974 2930 in

425 2972 793 3024 anniversario
834 2972 943 3023 sive
983 2979 1038 3021 ut
1077 2971 1130 3020 in
1172 2969 1532 3037 quotidianisa
1575 2967 1732 3020 verba
1769 2977 1973 3018 tament

426 3059 595 3126 Cuiam
620 3057 1070 3111 Annivm-arium
1097 3043 1454 3124 depositionis
1484 3056 1626 3108 diem
1654 3067 1977 3108 commemo·

430 3165 616 3200 mmm·
641 3158 741 3199 etc.
770 3164 878 3197 non
904 3155 1027 3197 sunt
1054 3145 1319 3197 varianda.
1346 3143 1485 3197 lbid.
1512 3162 1565 3195 η.
1597 3144 1721 3195 tu.

534 3237 697 3288 Missa
718 3242 774 3285 ut
802 3235 857 3285 iu
879 3234 967 3286 die
994 3233 1195 3294 obitus,
1214 3235 1350 3285 ultra
1378 3236 1597 3284 Missam
1613 3231 1680 3282 de
1699 3231 1974 3283 communi

427 3321 839 3384 destinctorum,
890 3320 1205 3373 celebranda
1243 3321 1346 3371 erit
1389 3327 1664 3386 praesente
1702 3334 1935 3386 corpore
1963 3354 1977 3380 ,

423 3409 642 3479 quando
669 3411 790 3479 quis
823 3407 1022 3459 obierit
1059 3410 1111 3457 in
1150 3408 1238 3459 die
1263 3406 1816 3460 Coniinemorationis
1868 3423 1982 3456 om·

426 3498 578 3550 nium
619 3497 860 3550 fidelium
889 3495 1299 3559 defunctorum,
1328 3494 1461 3546 ibid.
1493 3512 1642 3545 num.
1672 3495 1759 3545 46.

539 3589 659 3639 Non
689 3588 812 3639 licet
839 3585 894 3636 iu
917 3585 1077 3637 Altari
1107 3585 1443 3652 privilegiato
1463 3582 1644 3635 dicere
1667 3583 1887 3634 Missam
1917 3580 1983 3634 de

429 3675 684 3742 Requiem
715 3673 932 3741 quando
962 3674 1197 3724 occurrit
1224 3674 1413 3725 festum
1455 3670 1660 3740 primae
1687 3671 1770 3722 vel
1795 3687 1980 3722 secun·

430 3760 529 3814 dae
559 3760 762 3820 classis,
793 3758 864 3810 ib.
897 3776 953 3809 n.
983 3760 1071 3810 48.

540 3849 734 3900 Missae
771 3846 1069 3915 exequiales
1094 3845 1471 3898 defunctorum
1500 3847 1555 3897 in
1586 3848 1674 3900 die
1690 3846 1984 3917 depositio-

436 3937 522 3988 nis
556 3934 810 3988 celebrari
841 3935 1159 3986 solemniter
1185 3942 1412 4001 possunt
1439 3934 1493 3984 in
1518 3934 1650 3986 t'esto
1662 3934 1863 4005 duplici
1893 3934 1984 3985 ali-

437 4026 589 4092 cujus
620 4023 815 4086 Sancti,
840 4020 1139 4072 dummodo
1168 4039 1276 4072 non
1318 4021 1383 4073 sit
1414 4021 1481 4073 de
1501 4033 1812 4091 praecepto,
1851 4021 1981 4075 thid.

436 4129 494 4162 η.
524 4113 612 4164 54.

543 4200 736 4251 Missae
775 4200 1007 4267 privatae
1043 4197 1420 4250 defunctorum
1468 4197 1574 4250 diei
1606 4207 1828 4266 possunt
1855 4217 1984 4266 quo-

431 4304 665 4354 cumque
711 4285 827 4349 dle,
881 4293 1245 4355 praeterquam
1277 4286 1333 4336 in
1377 4287 1528 4340 sestis
1579 4285 1885 4356 duplicibus
1934 4295 1986 4337 et

433 4376 727 4427 dominicis
755 4373 973 4427 diebus.
1015 4374 1095 4427 lb.
1125 4390 1177 4424 n.
1208 4376 1298 4427 56.
1319 4376 1407 4427 69.

540 4464 733 4516 Missae
759 4471 993 4515 cantatae
1027 4472 1363 4514 mortuorum
1406 4463 1545 4515 int'ra
1570 4463 1817 4514 Octavam
1856 4461 1987 4512 Cor·

434 4553 585 4621 poris
637 4550 838 4604 Christi
898 4566 1009 4600 non
1038 4560 1159 4600 sunt
1189 4548 1538 4602 celebrandae
1579 4550 1683 4598 nisi
1714 4557 1987 4616 praesente

434 4656 664 4707 corpore
688 4675 703 4701 ,
733 4635 860 4688 ibid.
892 4653 945 4687 n.
966 4639 1056 4689 89.
1084 4637 1268 4705 Neque
1297 4637 1351 4687 in
1382 4636 1569 4687 diebus
1590 4635 1910 4696 Dominicis,
1936 4645 1988 4684 et

435 4728 575 4780 infra
601 4728 822 4780 octavas
847 4725 1137 4792 paschatis,
1166 4733 1218 4776 et
1242 4725 1612 4789 pentecostes,
1655 4722 1786 4775 ibid.
1816 4739 1867 4772 n.
1896 4723 1983 4774 96.

544 4814 930 4867 Abstinendum
963 4822 1042 4864 est
1067 4832 1095 4865 a
1123 4811 1772 4866 celebrationeMissai-um
1802 4809 1985 4861 destin-

434 4916 643 4956 etorum
684 4905 738 4954 in
764 4903 1052 4964 Ecclesiis,
1098 4900 1193 4953 ubi
1239 4903 1527 4968 exponitur
1563 4902 1651 4953 SS.
1685 4902 1982 4953 Sacramen-

437 5001 580 5052 tum,
621 4991 748 5043 ι’·ὀίά.
780 5007 834 5042 n.
865 4992 988 5042 161.

545 5079 607 5131 lu
650 5079 850 5148 vigilia
900 5076 1233 5146 Epiphaniae
1260 5094 1370 5128 non
1409 5076 1536 5131 licet
1561 5074 1737 5130 dicere
1766 5077 1984 5130 Missam

437 5166 694 5237 privatam
724 5164 1122 5229 detunctorum,
1152 5165 1283 5217 ibid.
1316 5184 1368 5221 n.
1398 5166 1520 5217 102.

3313 520 3416 571 471

2168 678 2285 731 Alia
2309 681 2593 742 ,nuunulla
2620 679 2685 731 de
2711 672 2893 732 Missis
2941 676 3334 729 defunctorum.
3386 678 3448 727 V.
3478 671 3608 726 ibid.

2061 784 2209 820 num.
2249 769 2342 821 34.
2371 768 2460 822 07.
2485 769 2605 822 108.
2638 766 2901 820 110.111.
2932 767 3050 818 134.
3073 784 3218 835 seqq.
3249 765 3354 818 144
3388 782 3535 832 seqq.

2508 892 2713 946 nissae
2749 891 3117 962 Rogationem!
3147 929 3159 942 .

2170 1037 2352 1089 Potest
2374 1052 2459 1089 eas
2483 1036 2785 1106 Episcopus
2813 1035 2982 1087 facere
3010 1043 3220 1088 cantare
3246 1051 3340 1102 per
3366 1050 3493 1085 suos
3518 1036 3615 1085 Ca·

2063 1125 2327 1187 nonicos,
2375 1125 2531 1177 etiam
2582 1125 2638 1176 in
2669 1123 2921 1177 Ecclesiis
2946 1123 3312 1193 Regularium.
3363 1125 3528 1176 Decr.
3561 1126 3612 1176 S.

2065 1215 2135 1267 11.
2169 1216 2225 1267 C.
2254 1231 2308 1265 η.
2335 1214 2389 1267 4.

2583 1337 2788 1392 Missae
2824 1338 3051 1392 Votivoe
3069 1376 3089 1388 .

2170 1484 2292 1536 Non
2323 1486 2550 1547 possunt
2576 1478 2850 1546 suffragari
2882 1496 2982 1547 pro
3010 1480 3171 1531 Missa
3220 1479 3572 1531 conventuali
3604 1515 3615 1528 .

2068 1572 2228 1625 Dect.
2260 1572 2311 1623 S.
2345 1571 2411 1621 R.
2447 1569 2501 1622 C.
2530 1585 2676 1619 num.
2697 1567 2784 1619 31.

2174 1659 2369 1710 Missae
2418 1657 2624 1709 votivae
2651 1658 2756 1724 jam
2783 1664 3055 1723 acceptae,
3097 1673 3230 1724 qnae
3257 1672 3366 1706 non
3395 1664 3624 1723 possunt

2070 1746 2322 1800 celebrari
2356 1742 2546 1796 diebus
2579 1743 2884 1811 impeditis,
2907 1742 3106 1795 debent
3135 1743 3341 1795 recitari
3387 1741 3454 1794 de
3481 1741 3620 1795 t‘esto

2072 1842 2401 1894 occurrente,
2430 1848 2548 1882 cum
2580 1830 2941 1898 applicatione
2983 1830 3262 1890 sacrificii,
3291 1827 3422 1881 ibid.
3452 1847 3505 1880 n.
3532 1828 3624 1881 24.

2178 1923 2372 1974 Missae
2402 1920 2605 1971 votivae
2636 1916 2995 1988 prohibentur
3038 1918 3177 1969 infr·
3202 1919 3449 1970 Octavam
3490 1917 3623 1971 Cor·

2072 2010 2221 2077 poris
2249 2008 2469 2069 Christi,
2500 2005 2630 2058 ibid.
2658 2023 2807 2058 num.
2839 2006 2924 2058 13.
2952 2006 3011 2058 In
3042 2005 3241 2074 Vigilia
3269 2005 3621 2074 Epiphaniae,

2070 2095 2203 2149 ibid.
2232 2114 2286 2146 n.
2317 2097 2418 2146 138

2179 2186 2239 2237 ln
2284 2184 2351 2233 iis
2379 2181 2608 2246 diebus,
2656 2181 2854 2250 quihus
2895 2181 3006 2234 tieri
3051 2194 3162 2231 uon
3195 2187 3370 2249 potest
3397 2178 3628 2231 detesto

2074 2271 2301 2338 duplici,
2332 2270 2689 2338 prohibentur
2717 2271 2910 2322 Missae
2937 2268 3143 2320 votivae
3196 2267 3463 2335 privatae,
3495 2265 3626 2318 ibid.

2072 2378 2125 2411 n.
2156 2360 2239 2409 34.

2182 2448 2284 2502 Ubi
2315 2448 2463 2499 adest
2493 2444 2829 2498 consuetudo
2869 2441 3321 2502 immemorabilis
3349 2449 3530 2509 potest
3557 2448 3635 2490 to·

2075 2539 2227 2589 lerari
2259 2538 2420 2588 Missa
2449 2534 2623 2587 votiva
2653 2534 2718 2586 de
2736 2536 2791 2586 B.
2817 2535 2883 2587 V.
2912 2532 3140 2600 singulis
3164 2528 3375 2594 diebus,
3396 2529 3630 2596 exceptis

2075 2633 2251 2675 tamen
2277 2620 2729 2683 solemnioribus,
2771 2617 3072 2672 dummodo
3101 2625 3227 2685 post
3253 2633 3366 2668 earu
3397 2615 3632 2668 eelebre-

2076 2713 2329 2765 tnretiam
2347 2711 2508 2762 Missa
2531 2709 2932 2772 conventualis,
2960 2705 3173 2760 sendiei
3196 2704 3319 2757 festi
3351 2703 3633 2767 currentis,

2073 2800 2201 2851 ibid.
2234 2818 2288 2850 n.
2317 2800 2404 2850 39.

2186 2889 2381 2940 Missae
2410 2886 2617 2939 votivae
2644 2884 2750 2937 dici
2792 2886 2943 2935 nullo
2984 2881 3152 2934 modo
3180 2887 3409 2952 possunt
3436 2879 3491 2938 in
3517 2880 3624 2931 Do-

2077 2977 2272 3028 minica
2309 2976 2629 3039 palmarum,
2662 2972 2794 3023 thiel.
2823 2990 2877 3023 η.
2907 2972 2997 3023 44.

2184 3063 2349 3116 Missa
2381 3064 2554 3113 votiva
2583 3061 2649 3112 de
2675 3062 2825 3112 Beata
2852 3059 3074 3125 Virgine
3102 3059 3156 3108 in
3182 3057 3408 3126 Virgilia
3446 3057 3635 3107 Pente.

2077 3161 2252 3207 costes
2278 3169 2388 3204 nou
2415 3158 2591 3220 potest
2615 3149 2744 3213 dici,
2773 3146 2905 3201 ibid.
2933 3165 2989 3199 n.
3034 3148 3120 3198 49.

2719 3273 2950 3327 Μίεεαὶε
2972 3309 2984 3323 .

2192 3415 2443 3468 {lubricas
2470 3412 2704 3467 Missalis
2734 3411 2960 3464 Romani
2986 3406 3524 3479 circa'inclinationes
3546 3442 3561 3466 ,
3587 3414 3641 3458 et

2083 3521 2330 3556 manuum
2361 3502 2662 3571 junctiones
2690 3498 2995 3552 servandas.
3024 3498 3187 3550 Decr.
3216 3497 3352 3549 SR.
3374 3495 3421 3546 C
3446 3492 3636 3545 mutu.

2190 3593 2268 3644 De
2306 3591 2550 3644 facultate
2600 3585 2905 3641 celebrandi
2953 3601 3073 3638 cnm
3129 3584 3345 3637 Missale
3399 3584 3638 3633 Romano

2082 3696 2334 3731 concessa
2384 3676 2728 3746 cappellanis
2779 3674 3097 3727 Mouialium
3122 3709 3136 3723 .
3175 3674 3310 3726 Dec.
3361 3671 3414 3723 S.
3465 3671 3534 3721 R.
3571 3669 3629 3721 C.

2081 3786 2136 3819 n.
2181 3767 2303 3818 117.

2192 3856 2328 3907 Usus
2354 3853 2589 3906 Missalis
2615 3851 2838 3905 Romani
2886 3850 3051 3903 semel
3081 3847 3421 3900 introductus
3459 3846 3514 3896 iu
3544 3844 3636 3897 ali-

2081 3961 2184 4011 qua
2208 3943 2463 4005 Ecclesia,
2488 3958 2623 4010 quae
2651 3940 2971 4009 particulare
2996 3937 3212 3990 Missale
3239 3933 3486 3995 habebat,
3513 3944 3640 3983 eon·

2083 4027 2375 4081 firmandus
2395 4035 2493 4090 est,
2522 4044 2622 4079 nec
2651 4027 2776 4078 lioet
2803 4024 2978 4077 redire
3006 4022 3070 4074 ad
3099 4037 3253 4074 usum
3281 4019 3488 4089 auti‘qui
3514 4018 3640 4072 sti·-

2084 4117 2228 4169 salis.
2267 4115 2355 4169 Sic
2386 4115 2452 4167 de
2489 4114 2786 4167 Breviario.
2815 4115 2980 4166 Beer.
3012 4112 3063 4164 S.
3092 4111 3161 4161 R.
3199 4110 3254 4162 C.
3282 4125 3337 4158 n.
3369 4107 3453 4158 16.

2676 4234 3036 4290 ᾕῙὶσείοηανίἰ.

2192 4378 2660 4432 Missiouariorum
2688 4378 2845 4447 quale
2871 4375 2942 4428 sit
2971 4391 3196 4438 munus,
3240 4380 3292 4425 et
3336 4389 3494 4441 quam
3538 4387 3643 4422 me·

2088 4466 2315 4519 thodum
2345 4466 2399 4518 in
2429 4483 2494 4519 eo
2523 4463 2727 4518 utiliter
2754 4463 3009 4516 obeundo
3037 4461 3225 4515 sectari
3255 4459 3502 4514 debeant.
3526 4460 3639 4526 Ap·

2078 4554 2245 4626 perid.
2279 4555 2362 4607 16.
2395 4555 2452 4606 in
2475 4555 2710 4623 Encycl.
2740 4553 2817 4605 od
2839 4550 3158 4606 Missionar.
3207 4566 3311 4619 per
3358 4547 3637 4604 Orientem

2084 4643 2384 4714 deputatos.
2412 4642 2460 4716 5.
2491 4642 2586 4694 19.“

2835 4813 2880 4864 N

2704 4994 2983 5051 Nativieas
2996 5035 3007 5046 .

2089 5113 2420 5216 Nativitatis
2459 5158 2683 5215 Domini
2710 5167 2901 5221 nocte,
2952 5163 3078 5224 post
3113 5162 3369 5206 cantatam
3401 5149 3631 5219 primam

544 5254 737 5306 Missae
759 5252 825 5305 de
842 5255 1093 5325 Requieus
1111 5254 1167 5306 in
1196 5255 1426 5308 Ecclesia
1454 5253 1824 5317 Ambrosiam,
1853 5251 1981 5304 ibid.
2082 5251 2322 5310 Missam,
2349 5249 2481 5301 aliae
2506 5247 2640 5301 duae
2667 5243 2973 5298 immediate
2991 5257 3102 5293 nou
3117 5247 3241 5291 sunt
3260 5234 3632 5292 celebrandae.

440 5359 587 5394 num.
638 5341 753 5393 149.
789 5342 907 5394 150.

2086 5342 2250 5395 Dect.
2280 5339 2332 5393 S.
2363 5338 2432 5391 R.
2467 5339 2523 5390 C.
2552 5353 2700 5388 num.
2730 5334 2816 5387 41.
2840 5332 2925 5384 43.
2945 5330 3036 5384 92.
3062 5329 3150 5382 96.
