4487 6316
998 548 1166 598 x*·'111

807 685 1356 751 conimbricensem
1390 692 1772 754 Academiam
1804 692 2102 771 pertinere
2132 688 2388 749 voluerit
2415 743 2430 767 ‚
2463 689 2616 751 sacta
2649 689 2797 750 mihi
2833 688 2943 769 ipsi
2977 697 3264 769 potestate
3292 691 3491 772 (quod
3532 691 3710 772 longa
3753 691 4042 754 Oratione

807 785 1289 863 prosequendum
1322 785 1469 847 foret
1494 835 1508 853 ,
1547 797 1604 846 ut
1636 794 1869 868 gratam
1900 785 2085 847 animi
2120 784 2617 864 significationem
2648 785 3029 863 contestarer)
3061 784 3215 846 sacta
3244 831 3260 858 ,
3293 785 3567 866 inquam,
3603 787 3751 847 mihi
3789 787 3898 867 ipsi
3934 807 4041 867 po-

807 884 1057 950 testate,
1089 884 1160 938 ut
1186 880 1424 940 eosdem
1454 881 1646 942 multo
1674 880 2008 950 auctiores,
2042 887 2101 939 et
2132 879 2192 938 in
2229 898 2417 938 unum
2448 899 2665 958 corpus
2708 880 3013 951 redactos,
3048 899 3260 940 rursus
3296 880 3483 961 'l'ypis
3512 882 3792 955 ederem,
3837 881 4040 962 publi-

804 990 995 1051 coque
1025 972 1190 1033 illius
1215 974 1248 1033 J
1256 976 1560 1036 uventutis
1593 975 1724 1036 usui
1760 983 2068 1054 tamquam
2104 973 2199 1054 pig
2185 992 2320 1032 nus
2348 972 2556 1033 eximii
2588 993 2682 1033 sui
2700 993 2843 1054 erga
2877 972 3043 1034 illam
3074 973 3298 1035 amoris
3321 974 3513 1036 multo
3544 975 4040 1056 pretiosissimum

803 1064 1163 1127 dedicarem.
1199 1068 1457 1129 Tametsi
1489 1069 1637 1149 quid
1669 1089 1779 1151 ego
1810 1067 2188 1129 (ἶοιιίιιιῑιιίςι
2193 1085 2357 1127 nsem
2378 1067 2697 1128 Sacrorum
2731 1067 2979 1128 Rituum
3012 1067 3289 1145 Scholam
3317 1088 3742 1144 commemoro,
3775 1079 4042 1132 nostram

803 1155 960 1218 banc
989 1159 1174 1231 sileo,
1207 1172 1365 1241 quae
1398 1181 1518 1223 non
1551 1163 1751 1222 minus
1782 1158 1963 1242 atque
1995 1161 2101 1222 illa
2132 1159 2281 1222 tanti
2316 1160 2611 1243 Principis
2641 1161 2936 1234 consilio,
2970 1162 3359 1238 auctoritate,
3392 1164 3724 1245 praesidio,
3758 1184 3828 1227 ac
3857 1167 4040 1227 bene-

805 1253 1070 1317 ticientia
1097 1256 1472 1336 potissimum
1505 1257 1764 1318 nititur?
1799 1260 1893 1318 An
1924 1277 2070 1318 vero
2101 1264 2303 1317 tantus
2331 1255 2448 1330 vir,
2479 1256 2593 1317 hac
2623 1254 2998 1317 humanitate
3029 1256 3356 1336 praeditus,
3388 1257 3485 1318 his
3512 1258 3748 1333 studiis,
3781 1259 4038 1334 artibus,

804 1358 988 1428 atquc
1016 1350 1288 1413 doctrina
1311 1397 1326 1423 ,
1358 1360 1637 1413 externos
1676 1359 1956 1423 curaret,
1993 1353 2293 1412 Romanos
2333 1348 2706 1432 negligeret?
2741 1349 3024 1410 Exteruis
3063 1350 3224 1410 enim
3267 1351 3617 1413 benefacere
3656 1352 4040 1416 liberalitatis

804 1450 914 1514 est,
940 1444 1064 1505 suis
1093 1445 1404 1507 consulere
1432 1466 1552 1507 non
1586 1445 1965 1508 liberalitatis
1993 1446 2211 1518 solum,
2246 1444 2349 1505 sed
2377 1445 2557 1506 etiam
2579 1444 2868 1526 justitiae.
2895 1446 2973 1505 At
3001 1445 3547 1507 Conimbricensem
3569 1448 3847 1510 Scholam
3877 1469 4041 1510 com-

804 1557 1162 1611 memorare,
1189 1549 1456 1603 nostram
1484 1541 1662 1602 silere
1690 1562 1813 1602 non
1842 1550 1952 1602 est:
1982 1539 2197 1601 Schola
2223 1539 2333 1602 illa
2360 1546 2543 1619 atque
2571 1538 2717 1599 haec
2737 1546 2939 1600 nostra
2970 1558 3094 1599 una
3121 1539 3451 1619 eademque
3478 1540 3810 1604 existimari
3835 1543 4036 1616 debet,

807 1653 927 1695 non
960 1634 1158 1696 solum
1187 1636 1334 1717 quia
1361 1637 1577 1698 ambae
1602 1636 1681 1698 ab
1710 1637 1917 1697 eodem
1947 1633 2330 1695 sanctissimo
2354 1633 2607 1693 Parente
2628 1639 2873 1692 exortae
2894 1640 3055 1705 sunt,
3087 1652 3300 1693 verum
3323 1632 3505 1694 etiam
3529 1635 3676 1714 quia
3705 1636 4038 1699 arctissima

803 1726 1045 1790 iuterse
1093 1729 1579 1804 benevolentiae,
1612 1730 1949 1791 studiorum
1971 1776 1986 1801 ,
2020 1738 2203 1809 atque
2233 1726 2533 1789 amicitiae
2568 1725 2921 1807 cognatione
2955 1726 3401 1807 quodammodo
3437 1730 3862 1792 continentur:
3924 1731 4040 1794 hoc

802 1830 1003 1883 tamen
1042 1823 1407 1887 discriminis
1446 1826 1603 1887 inter
1634 1833 1956 1904 utramque
1986 1823 2349 1895 intercedet,
2381 1822 2546 1904 quod
2576 1820 2681 1883 illa
2716 1821 2776 1880 in
2809 1821 2882 1880 iis
2905 1866 2921 1893 ,
2981 1840 3139 1901 quae
3177 1833 3525 1895 occurrent,
3560 1825 3763 1887 dubiis
3793 1826 3810 1908 (
3828 1846 4038 1888 cccm-

806 1929 940 1979 rcut
958 1927 1166 1980 autem
1194 1920 1671 2007 quamplurima)
1706 1921 2154 1999 l’raeceptorem
2188 1926 2494 1989 nostrum,
2525 1916 2638 1976 hoc
2662 1925 2752 1977 aet
2778 1916 3286 1979 BENEDICTUM
3316 1918 3486 1980 XIV.
3526 1938 3631 1999 per
3660 1920 3863 1982 literas
3892 1942 4037 1983 con-

801 2012 996 2086 sulet,
1043 2033 1152 2074 nos
1192 2015 1487 2094 praesenti
1523 2015 1788 2095 ejusd1m
1832 2012 2175 2092 eloquentia
2217 2010 2639 2091 perfruemur3
2680 2010 2843 2090 quod
2881 2011 3092 2091 quanti
3137 2011 3256 2084 sit,
3291 2021 3517 2073 norunt
3549 2014 3588 2073 ii
3619 2015 3777 2095 ,qui
3809 2036 3884 2077 ex
3914 2035 4041 2077 uuo

801 2107 1046 2184 quidem
1076 2108 1376 2189 colloquio
1408 2108 1583 2189 plura
1618 2129 1681 2169 se
1707 2108 1982 2169 didicisse
2014 2106 2215 2167 laetati
2245 2114 2424 2182 sunt,
2464 2124 2649 2188 quam
2678 2123 2754 2166 ex
2786 2106 3025 2167 assidua
3067 2105 3397 2220 multorum
3439 2106 3738 2170 librorum
3774 2109 4029 2171 lectione

801 2199 1028 2263 discere
1060 2203 1272 2282 potuis·
1283 2212 1406 2266 ent.

923 2295 1150 2370 Dole0,
1185 2298 1536 2369 Auditores,
1571 2316 1640 2358 ac
1669 2296 2052 2357 vehementer
2080 2314 2272 2376 angor
2301 2293 2375 2355 iis
2404 2314 2500 2355 me
2535 2294 2819 2374 temporis
2847 2294 3141 2377 angustiis
3166 2315 3292 2356 esse
3320 2297 3669 2359 conclusum
3692 2346 3708 2372 ,
3742 2320 3900 2381 quae
3929 2321 4030 2362 ar-

802 2389 1092 2450 ctissimos
1129 2390 1388 2452 orationi
1431 2409 1598 2451 meae
1629 2389 1701 2449 ad
1746 2388 2066 2450 dicendum
2101 2386 2397 2449 cancellos
2437 2388 2850 2462 circumdent3
2893 2408 3090 2469 neque
3128 2390 3292 2450 enim
3332 2392 3750 2455 benevolentia
3785 2404 3982 2458 vestra
4012 2442 4028 2468 ,

801 2502 987 2562 quam
1015 2484 1384 2565 singularem
1411 2485 1711 2565 experior,
1746 2504 1843 2544 me
1873 2483 2043 2545 abuti
2076 2482 2331 2544 ulterius
2360 2483 2546 2544 decet.
2585 2485 2795 2563 ltaque
2823 2504 2946 2546 non
2976 2504 3109 2544 sum
3141 2495 3739 2564 commemoraturus,
3772 2491 3939 2572 quod
3954 2492 4033 2554 ad

805 2579 1088 2659 temporis
1112 2579 1295 2663 hujus
1321 2578 1833 2660 opportunitatem
1861 2587 2123 2658 spectat,
2156 2577 2492 2638 maximum
2532 2577 2759 2638 scilicet
2785 2577 3000 2640 studiis
3038 2579 3258 2639 nostris
3286 2588 3348 2642 et
3386 2581 3754 2661 praesidium
3777 2631 3795 2658 ,
3826 2593 3888 2647 et
3929 2586 4034 2649 de-

802 2693 908 2733 cus
930 2673 1286 2736 adfuturum
1316 2695 1352 2736 a
1389 2672 1666 2755 plurimis
1694 2673 2051 2754 Purpuratis
2079 2672 2394 2746 Patribus,
2428 2672 2533 2754 qui
2564 2691 2741 2733 suum
2769 2692 2911 2753 erga
2941 2672 3219 2734 Scholam
3250 2681 3515 2736 nostram
3545 2676 3815 2740 savorem
3856 2694 4032 2761 aper-

807 2767 1030 2829 tissime
1058 2767 1306 2849 prosoesi
1336 2777 1509 2839 sunt;
1543 2767 1889 2829 Praeter-ibo
1915 2767 2097 2829 etiam
2127 2767 2327 2829 studia
2354 2766 2865 2848 amplissimorum
2907 2767 3258 2828 Praesulum
3284 2814 3301 2841 ,
3331 2777 3514 2849 atque
3550 2771 4032 2837 doctissimorum

803 2860 1121 2924 hominum
1161 2862 1507 2924 certissimis
1547 2862 2087 2944 significationibus
2129 2861 2306 2924 nobis
2346 2861 2591 2933 oblata;
2633 2861 2835 2923 Silebo
2877 2860 3375 2941 sapientissimam
3419 2863 3737 2927 Sacrorum
3783 2868 4033 2931 Rituum

803 2956 1339 3041 congregationem
1371 2977 1619 3019 suarum
1649 2957 1911 3037 partium
1953 2977 2079 3018 esse
2106 2958 2457 3028 ducturam,
2490 2955 2632 3017 huic
2674 2955 3027 3036 disciplinae
3051 3001 3068 3029 ,
3118 2955 3370 3038 ejusque
3411 2950 3700 3040 Magistro
3743 2962 4031 3041 peculiari

804 3050 1048 3111 nomine
1074 3050 1149 3113 ad
1181 3069 1242 3110 se
1270 3050 1710 3131 pertinentibus
1737 3070 1969 3131 semper
1997 3050 2223 3123 favere3
2253 3051 2382 3112 Hoc
2411 3070 2602 3110 unum
2633 3050 2851 3124 dicam,
2886 3051 3071 3129 quod,
3106 3051 3248 3131 quia
3277 3051 3668 3116 domesticum
3702 3066 3820 3132 est,
3855 3078 4030 3138 prae-

803 3145 986 3206 terire
1013 3165 1135 3206 non
1162 3166 1438 3226 possum3
1466 3146 1669 3207 omnia
1697 3145 1871 3207 nobis
1902 3145 2095 3208 fausta
2124 3145 2203 3206 ab
2230 3145 2374 3224 ipsis
2402 3144 2710 3206 Societatis
2740 3153 2977 3206 nostrae
3009 3146 3486 3209 moderatoribus
3513 3170 3639 3210 esse
3678 3154 3972 3232 speranda
4007 3178 4024 3227 ς

801 3240 909 3318 qui
938 3239 1147 3319 quanti
1180 3240 1390 3301 Sacros
1420 3239 1593 3300 Ritus
1619 3240 1840 3300 saciant
1860 3285 1876 3311 ,
1916 3240 2007 3300 vel
2039 3260 2114 3300 ex
2143 3239 2257 3300 hoc
2287 3240 2415 3319 ipso
2444 3238 2699 3320 intelligi
2733 3248 2955 3320 potest,
3000 3241 3161 3319 quod
3193 3241 3430 3302 eosdem
3460 3240 3870 3316 libentissimis
3896 3249 4030 3310 an‘i-

806 3333 918 3392 mis
948 3332 1009 3392 in
1044 3333 1155 3393 hoc
1180 3332 1552 3415 Gregoriano
1602 3332 1812 3394 Liraeo
1844 3331 2083 3412 publice
2127 3331 2469 3413 excipiant3
2501 3333 2740 3415 sibique
2766 3333 3015 3416 hujusce
3054 3334 3305 3396 Schvlae
3347 3326 3681 3417 profectum
3728 3341 4027 3407 maximae

802 3445 983 3487 curae
1011 3426 1140 3487 fore
1169 3426 1584 3507 polliceantur.

928 3521 1001 3581 Ut
1026 3541 1168 3582 vero
1198 3542 1403 3582 rerum
1430 3541 1468 3583 a
1496 3542 1590 3582 me
1620 3523 2068 3583 tractandarum
2106 3521 2457 3593 materiam,
2490 3529 2879 3598 argumenta,
2922 3521 3260 3602 seriemque
3302 3523 3476 3584 vobis
3513 3545 3811 3605 exponam
3841 3577 3858 3604 ,
3903 3552 4030 3596 uno

803 3616 989 3676 verbo
1014 3616 1251 3689 dicam;
1285 3636 1379 3676 me
1408 3616 1697 3697 pleraque
1724 3637 1758 3676 c
1786 3616 1960 3676 libris
2001 3615 2102 3676 SS.
2137 3617 2210 3676 D.
2261 3616 2334 3676 N.
2368 3615 2700 3696 petiturum
2730 3636 2747 3689 3
2779 3615 2942 3695 quod
2984 3616 3156 3676 vobis
3184 3627 3556 3696 compertum
3595 3640 3720 3681 esse
3759 3626 4027 3689 arbitror

801 3729 875 3769 ex
905 3710 1171 3790 Epistola
1197 3757 1213 3783 ,
1244 3731 1428 3792 quam
1458 3710 1623 3772 illius
1651 3731 1900 3791 operum
1932 3709 2179 3772 editioni
2224 3709 2561 3791 praeposui.
2611 3708 2850 3770 Etenim
2891 3709 3041 3769 nihil
3093 3710 3282 3771 ferme
3310 3719 3399 3772 est
3423 3712 3486 3771 in
3518 3714 3715 3776 Sacris
3745 3718 3985 3782 Ritibus
4005 3769 4021 3794 ,

800 3804 961 3881 quod
991 3797 1106 3864 'ine
1147 3813 1252 3866 aut
1291 3804 1632 3865 acutissima
1672 3805 1896 3886 ingenii
1941 3804 2031 3865 sui
2076 3805 2500 3886 perspicuitate
2545 3823 2663 3864 non
2706 3804 3042 3877 detexerit,
3074 3815 3181 3866 aut
3220 3804 3460 3868 infinita
3500 3809 3828 3889 sapie-ntiae
3878 3834 4024 3877 suae

800 3899 1072 3960 ubertate
1095 3920 1215 3960 non
1239 3899 1575 3980 expolierit.
1600 3900 1713 3959 Sed
1741 3909 1938 3961 tamen
1970 3899 2084 3960 hoc
2112 3898 2310 3980 primo
2340 3918 2503 3960 anno
2521 3897 2723 3959 'multo
2739 3898 3003 3959 strictius
3029 3899 3158 3979 ejus
3187 3899 3423 3978 scriptis
3451 3901 3781 3966 adhaerere
3810 3926 4019 3987 possu-

798 4013 971 4066 mus·‚
957 4016 972 4029 ·
1007 4014 1126 4054 non
1154 3994 1317 4054 enim
1347 3994 1541 4054 solum
1572 4003 2040 4075 argumentum,
2075 3994 2177 4054 sed
2211 3992 2560 4054 methodum
2592 3993 2826 4073 ipsam,
2861 3992 3242 4066 doctrinam,
3275 3994 3712 4071 eruditionem,
3742 4002 4019 4078 praxim,

794 4087 1091 4169 quidquid
1122 4088 1382 4168 denique
1411 4088 1740 4167 optandum
1772 4097 1901 4160 est,
1935 4108 1970 4149 a
2004 4095 2170 4148 tanto
2200 4086 2489 4168 Magistro
2519 4087 2957 4148 mutuabimur.
2994 4087 3192 4148 Labor
3220 4087 3425 4167 itaque.
3457 4099 3657 4152 noster
3685 4095 4028 4157 versabitur

792 4185 855 4244 in
878 4183 1275 4247 Sanctissimis
1297 4182 1499 4244 Divini
1524 4182 1786 4243 Sacrilic
1770 4183 1812 4243 ii
1835 4181 2238 4243 Caeremoniis
2259 4181 2678 4261 explanandiS,
2702 4183 2778 4243 de
2794 4182 3021 4262 quibus
3044 4190 3244 4243 tantus
3273 4182 3548 4245 Pontifex
3574 4205 3713 4290 cum
3734 4188 3978 4251 multis
3962 4211 4025 4251 ιιι

792 4278 971 4352 lociS,
1009 4288 1136 4340 tum
1164 4278 1483 4359 praecipue
1515 4277 1579 4336 in
1607 4277 2050 4338 Commentario
2080 4295 2261 4356 super
2289 4275 2403 4338 hoc
2429 4286 2787 4359 argumento
2815 4276 3218 4338 eruditissime
3245 4278 3390 4358 agit.

912 4373 1116 4447 Quare
1143 4392 1278 4434 cum
1310 4372 1371 4431 in
1404 4370 1663 4452 publicis
1694 4371 2031 4432 Mademiis
2059 4391 2167 4432 sua
2201 4370 2382 4432 etiam
2413 4371 2609 4433 Sacris
2627 4371 2866 4433 Ritibus
2895 4371 3110 4432 Schola
3140 4370 3452 4446 debeatur,
3487 4394 3626 4435 cum
3655 4375 3803 4438 haec
3827 4396 4027 4461 neque

791 4467 939 4530 alibi
972 4469 1172 4549 aptius
1197 4515 1213 4541 ,
1249 4488 1434 4547 quam
1467 4469 1691 4528 Romae
1713 4513 1728 4539 ,
1765 4486 1961 4547 neque
1992 4465 2114 4527 alio
2149 4475 2416 4546 tempore
2443 4464 2842 4546 opportunius
2867 4511 2882 4538 ,
2914 4483 3097 4544 quam
3131 4474 3334 4526 nostro
3363 4466 3597 4528 institui
3633 4471 3818 4550 possit
3838 4517 3855 4545 ,
3875 4493 4028 4535 -cum

789 4562 863 4623 ad
896 4561 1052 4622 hanc
1084 4560 1506 4621 illustrandam
1532 4604 1549 4632 ,
1581 4568 1764 4639 atque
1793 4558 2280 4639 amplificandam
2313 4560 2656 4622 firmissima
2675 4569 3038 4622 concurrant
3067 4559 3398 4639 praesidia3
3429 4572 3697 4623 vestrum
3727 4565 3844 4626 erit
3866 4569 4028 4629 Ado·

790 4654 1073 4717 lescentoe
1102 4653 1313 4736 optimi
1348 4655 1363 4734 (
1391 4654 1508 4714 Vos
1539 4654 1702 4713 enim
1733 4649 2005 4714 extrema
2035 4653 2183 4715 haec
2215 4652 2549 4734 alloquitur
2579 4654 2789 4737 oratio)
2821 4664 3111 4726 vestrum,
3148 4654 3430 4733 inquam,
3463 4656 3582 4718 erit
3612 4667 3765 4720 totos
3795 4681 3902 4723 vos
3930 4663 4028 4728 his

789 4748 1133 4811 rectissimis
1177 4747 1391 4808 studiis
1421 4747 1736 4808 devovere.
1784 4747 2085 4827 Equidem
2114 4748 2289 4810 vobis
2317 4750 2579 4829 spondeo
2601 4796 2616 4821 ,
2651 4750 2895 4830 Deoque
2924 4750 3104 4811 dante
3135 4751 3449 4829 praestabo
3477 4798 3493 4824 ,
3529 4753 3678 4814 mihi
3723 4775 3919 4837 neque
3959 4759 4025 4821 in

789 4841 1094 4903 veteribus
1127 4841 1531 4902 monumentis
1580 4840 1956 4902 recensendis
1986 4841 2168 4902 fidem
2190 4886 2207 4914 ,
2241 4861 2440 4921 neque
2468 4844 2530 4903 in
2563 4842 2920 4906 lectionibus
2945 4843 3333 4904 conficiendis
3371 4843 3745 4927 diligentiam
3773 4896 3790 4922 ,
3828 4871 4027 4933 neque

790 4937 853 4997 in
887 4936 1198 4998 laboribus
1231 4935 1600 5015 perferendis
1629 4935 2024 5009 alacritatem,
2061 4955 2258 5018 neque
2279 4935 2344 4997 in
2375 4937 2612 5011 studiis,
2645 4936 3094 5017 commodisque
3125 4937 3334 4998 vestris
3364 4939 3656 5020 augendis
3685 4946 4024 5024 propensis-

787 5031 1001 5092 simam
1033 5028 1224 5090 animi
1254 5027 1627 5090 voluntatem
1658 5030 2022 5091 defuturam.
