4487 6316
965 498 1123 553 xxtv

1854 641 1986 714 SS.
2064 643 2459 718 DOMINI
2533 646 2938 723 NOSTRI

1566 881 2322 997 BENEDICTI
2417 883 2816 1000 PAPAE
2917 886 3279 1005 xlv(

1116 1156 1414 1218 Allocutio
1454 1156 1659 1218 babita
1701 1156 1761 1217 in
1801 1154 2166 1218 Consistorio
2205 1158 2444 1225 Secreto
2470 1159 2650 1222 feria
2677 1159 2936 1223 secunda
2966 1158 3067 1220 die
3098 1165 3197 1220 21.
3235 1161 3461 1241 Aprilis
3500 1170 3670 1226 ¹749.

983 1375 1115 1452 Qua
1140 1376 1430 1440 Sanctitas
1451 1399 1557 1439 mea
1588 1378 1869 1448 declarat,
1894 1397 1948 1437 xe
1980 1376 2150 1438 Mum
2180 1381 2412 1460 proprio
2454 1388 2715 1460 perpetuo
2736 1379 3030 1438 contulisse
3069 1380 3534 1462 perhonorificum
3579 1387 3812 1445 titulum

1087 1485 1445 1548 Fidelissimi
1494 1486 1860 1547 Ser-enissimo
1894 1474 2294 1565 Portuqalliae
2321 1535 2335 1556 ‚
2372 1499 2424 1547 et
2468 1488 2873 1567 Alqarbiorum
2906 1488 3050 1567 Rem·
3074 1536 3090 1558 ,
3131 1490 3353 1569 ejusque
3395 1489 3814 1555 successoribu„

1102 1596 1341 1673 Reqibus
1370 1599 1438 1656 ob
1456 1599 1755 1678 macc-lara
1790 1598 1968 1677 ipsius
1999 1597 2164 1674 Βορέα
2195 1645 2209 1666 ,
2245 1607 2295 1658 et
2334 1596 2635 1675 Majorum
2670 1618 2900 1661 morum
2937 1597 3152 1676 Requm
3189 1599 3254 1659 de
3295 1598 3431 1660 Fide
3473 1598 3767 1666 Cothonea
3796 1653 3815 1674 ,

1088 1712 1139 1762 et
1162 1703 1303 1764 Sede
1328 1704 1647 1785 Apmrotcca
1675 1708 1878 1786 optime
1900 1708 2230 1766 meritorum
2252 1718 2425 1782 qesta.

1756 1898 2471 2007 νΕΝεῑιᾹΒιιι-ῑε
2539 1947 3030 2009 rnATaEs.

774 2175 1289 2297 Consentaneum
1308 2235 1508 2317 plane,
1533 2236 1719 2297 immo
1746 2243 1807 2296 et
1834 2234 2233 2297 necessarium
2262 2235 2632 2297 arbitramur
2652 2235 2958 2298 declarare
2983 2237 3193 2310 Vobis,
3221 2239 3730 2318 quemadmodum
3759 2241 3817 2319 in
3845 2264 4012 2323 prae-

774 2329 965 2391 sentia
987 2329 1360 2392 declaramus
1384 2378 1400 2403 ,
1434 2331 1742 2392 carissimo
1771 2330 1835 2390 in
1865 2329 2104 2391 Christo
2134 2328 2293 2391 Filio
2325 2338 2529 2391 nostro
2557 2330 2772 2392 Ioanni
2801 2331 3207 2411 portugalliae
3231 2378 3246 2403 ,
3280 2340 3341 2391 et.
3362 2332 3787 2412 Algarbiornm
3818 2338 3958 2415 Regi
3990 2384 4007 2411 ,

773 2423 1022 2503 ejusque
1050 2424 1499 2487 Successoribus
1522 2471 1538 2498 ,
1568 2423 1854 2485 collatum
1885 2443 1918 2484 a
1955 2422 2143 2485 Nobis
2172 2421 2356 2483 fuisse
2384 2423 2893 2503 perhonorificum
2929 2425 3269 2485 Fidelissimi
3297 2426 3566 2487 Titulum
3595 2473 3610 2500 ‚
3653 2429 3758 2508 qni
3794 2431 4011 2492 merito

775 2517 1021 2597 quidem
1048 2518 1161 2599 ipsi
1195 2519 1554 2581 tribuendus
1574 2519 1914 2581 videbatur.
1950 2518 2190 2579 Etenim
2224 2526 2344 2579 toto
2373 2518 2532 2579 vitae
2560 2537 2703 2579 suae
2743 2538 2922 2578 cursu
2946 2519 3427 2600 praeclarissima
3450 2521 3659 2599 gessit,
3693 2530 3759 2583 ut
3791 2523 4011 2588 Catho-

779 2610 928 2673 licae
959 2611 1285 2695 Religionis
1311 2614 1506 2696 gloria
1530 2661 1546 2688 ,
1579 2622 1640 2676 et
1670 2614 1852 2695 hujus
1881 2614 2132 2675 Sanctae
2163 2612 2332 2673 Sedis
2363 2612 2624 2694 dignitas
2654 2612 2849 2694 magis
2878 2613 3371 2694 amplificaretur.
3410 2615 3825 2678 Dubitandum
3857 2639 4011 2699 qno·
4053 2676 4065 2695 ⁴

775 2725 897 2785 que
919 2726 1038 2768 non
1064 2714 1152 2768 oet
1177 2755 1193 2781 ‚
1229 2707 1606 2769 Successores
1629 2755 1645 2783 ,
1682 2708 1869 2789 ipsius
1907 2707 2020 2768 hoc
2043 2707 2292 2767 honoris
2313 2707 2516 2768 Titulo
2547 2706 3006 2768 inflammandos
3034 2727 3159 2767 csse
3190 2707 3574 2769 vehementer
3599 2755 3616 2783 ,
3650 2717 3711 2771 et
3746 2713 4015 2776 maximo

776 2801 974 2862 studio
1002 2801 1348 2863 excitandos
1372 2849 1389 2875 ,
1423 2811 1490 2863 nt
1517 2804 1887 2884 propositum
1919 2810 2060 2864 ante
2087 2802 2293 2863 oculos
2325 2800 2671 2881 exemplum
2701 2801 2834 2881 pari
2865 2801 3089 2861 virtute
3119 2801 3519 2863 aemulentur.

896 2895 1107 2956 Procul
1142 2897 1329 2957 dubio
1352 2916 1470 2958 non
1506 2896 1815 2979 ignoratis,
1841 2896 2090 2958 ineunte
2112 2895 2350 2957 saeculo
2370 2895 2744 2970 duodecimo,
2771 2895 3002 2957 Mauris
3029 2915 3062 2957 e
3084 2896 3488 2978 Portugalliae
3512 2900 3716 2980 Regno
3747 2899 4016 2980 depulsis

776 2987 911 3049 illos
936 2990 1136 3050 statim
1168 2992 1356 3073 Reges
1388 2978 1628 3054 omnem
1657 3012 1901 3074 operam
1933 2990 2255 3053 contulisse
2279 3037 2295 3064 ,
2330 2998 2402 3052 ut
2430 2990 2798 3053 Catholicam
2831 2990 3179 3072 Religonem
3213 2990 3275 3051 in
3309 3010 3418 3054 sua
3443 2992 3683 3054 Ditione
3711 2993 4011 3056 illibatam

778 3092 1090 3145 tuerentur
1116 3106 1133 3157 ;
1162 3093 1221 3146 et
1250 3107 1385 3147 cum
1418 3087 1636 3148 deinde
1680 3086 1882 3169 plures
1918 3086 2095 3148 Asiae
2119 3132 2136 3161 ,
2171 3085 2412 3147 Africae
2439 3132 2455 3161 ,
2499 3084 2937 3166 Indiarumque
2959 3130 2976 3158 ,
3025 3092 3084 3146 et
3114 3085 3425 3147 Americae
3454 3086 3708 3168 populos
3743 3087 3805 3149 in
3838 3108 4012 3152 suam

774 3187 1123 3257 potestatem
1156 3181 1556 3262 redegissent,
1591 3182 1882 3245 barbaras
1910 3189 2115 3264 gentes
2136 3181 2544 3243 sanctissimae
2568 3180 2895 3262 Religionis
2923 3181 3223 3262 mysteriis
3253 3180 3607 3244 imbuendas
3626 3203 3885 3258 curasse,
3918 3205 4014 3249 ac·

774 3273 907 3335 citis
932 3274 1309 3354 peritissimis
1336 3276 1631 3338 Ministris
1654 3323 1671 3351 ,
1704 3276 1810 3358 qui
1838 3285 2136 3339 recentem
2168 3276 2411 3337 Domini
2445 3274 2700 3336 Vineam
2730 3273 3050 3354 diligenter
3079 3273 3440 3336 excolerent.
3475 3277 3641 3337 Inter
3670 3297 3770 3338 eos
3801 3298 4010 3341 recen-

775 3368 995 3430 sendus
1019 3376 1107 3430 est
1136 3370 1196 3430 S.
1229 3370 1581 3432 Franciscus
1602 3370 1905 3434 Xaverius
1928 3416 1945 3444 ,
1978 3371 2083 3451 qui
2117 3370 2370 3432 Ioannis
2398 3369 2510 3432 111.
2539 3367 2948 3448 Portugalliae
2975 3367 3152 3449 Regis
3177 3369 3500 3448 praesidio,
3531 3391 3601 3432 ac
3631 3371 3816 3434 tutela
3837 3376 4017 3437 uber-

776 3461 962 3523 rimos
985 3509 1000 3536 ,
1035 3471 1279 3544 totoque
1308 3463 1474 3527 Orbe
1509 3463 1931 3526 celeberrimos
1968 3463 2198 3525 fructus
2240 3464 2306 3525 in
2350 3463 2473 3525 illis
2518 3461 2886 3543 Regionibus
2914 3460 3192 3541 collegit,
3229 3461 3318 3522 uti
3362 3482 3485 3522 non
3515 3461 3711 3523 solum
3741 3469 4010 3530 auctori·

779 3564 897 3617 tate
942 3556 1313 3637 Scriptorum
1339 3605 1356 3632 ,
1392 3559 1493 3619 sed
1537 3558 1724 3640 ipsius
1752 3558 1812 3618 S.
1850 3557 2150 3619 Francisci
2185 3558 2263 3619 ad
2293 3559 2588 3618 Ioannem
2638 3558 2860 3637 Regem
2899 3554 3164 3635 epistolis
3193 3555 3373 3635 plane
3413 3559 3884 3637 comprobatum
3935 3583 4012 3625 ex

776 3650 1000 3729 quibus
1045 3651 1226 3713 etiam
1257 3651 1417 3713 clare
1444 3651 1915 3734 deprehenditur
1940 3697 1958 3726 ,
1992 3670 2211 3731 magna
2238 3671 2378 3713 cum
2418 3650 2612 3733 gloria
2637 3696 2653 3724 ,
2698 3649 2991 3730 Fideique
3023 3648 3393 3711 incremento
3417 3696 3435 3723 ,
3481 3651 3557 3712 iis
3584 3655 3868 3716 omnibus
3900 3657 4011 3719 Vi-

778 3762 915 3803 rum
946 3744 1353 3824 Apostolicum
1380 3746 1752 3820 satisfecisse,
1781 3765 1940 3828 quae
1968 3745 2158 3808 Paulo
2188 3744 2393 3806 Tertio
2424 3744 2880 3806 Praedecessore
2909 3751 3113 3805 nostro
3136 3743 3226 3804 illi
3258 3746 3647 3828 praescripta,
3678 3768 3748 3811 ac
3768 3750 4015 3814 deman-

779 3838 918 3899 data
949 3837 1210 3901 fuerant.

898 3932 1283 3995 Sebastianus
1312 3936 1440 3996 Rex
1464 3980 1481 4008 ,
1513 3934 1588 3995 de
1616 3934 1786 4016 cujus
1814 3933 2095 3996 laudibus
2125 3933 2297 3996 nulla
2320 3953 2595 4016 unquam
2624 3942 2786 3996 aetas
2813 3933 3200 4005 conticescet,
3237 3932 3395 3996 circa
3436 3935 3754 3998 dimidium
3786 3941 4007 4003 saeculi

777 4028 994 4091 decimi
1024 4028 1173 4089 sexti
1208 4027 1611 4110 portugalliae
1641 4030 1914 4110 Regnum
1946 4028 2493 4090 administrandum
2525 4028 2801 4108 suscepit.
2834 4026 2944 4088 Ille
2969 4026 3261 4108 singulari
3291 4028 3514 4090 virtute
3543 4032 3872 4110 praeditus,
3900 4055 4006 4115 po-

781 4122 1110 4183 tentissimo
1150 4122 1416 4183 exercitu
1446 4129 1790 4202 comparato
1820 4141 1985 4183 mare
2014 4121 2347 4182 transmisit
2375 4167 2392 4194 ,
2425 4121 2656 4184 Mauris
2697 4119 2925 4181 bellum
2972 4119 3234 4193 indixit,
3266 4141 3401 4182 cum
3434 4122 3658 4204 quibus
3688 4124 4011 4192 fortissime

780 4217 1088 4279 decertans
1112 4263 1128 4291 ,
1158 4216 1576 4277 honestissima
1605 4224 1796 4276 morte
1823 4215 2077 4296 gloriam
2107 4215 2363 4294 adeptus
2390 4222 2479 4275 est
2507 4211 2933 4274 immortalem.

898 4310 958 4371 Si
995 4311 1133 4392 quis
1161 4320 1363 4373 antem
1395 4310 1793 4392 amplissimas
1821 4309 2098 4371 victorias
2123 4355 2140 4383 ,
2166 4328 2320 4389 quas
2350 4306 2754 4389 Portugalliae
2789 4309 2975 4388 Reges
2997 4306 3059 4367 in
3084 4308 3495 4371 remotissimis
3522 4310 3704 4374 etiam
3734 4315 4010 4393 partibus

780 4404 1018 4468 Africae
1061 4405 1358 4467 consecuti
1387 4414 1528 4467 sunt
1552 4450 1568 4476 ‚
1606 4403 1893 4466 admirari
1925 4403 2169 4483 cupiat,
2219 4403 2282 4462 in
2316 4401 2668 4483 Apostolicis
2714 4401 2957 4462 Litteris
2986 4401 3077 4460 Pii
3110 4402 3216 4463 lv.
3253 4404 3726 4467 praedecessoris
3767 4411 4002 4485 nostri,

780 4518 937 4578 qnae
966 4499 1028 4559 iu
1061 4499 1357 4560 Ecclesiae
1386 4497 1725 4559 Annalibus
1747 4496 2092 4557 referuntur
2116 4543 2132 4570 ,
2164 4495 2490 4576 descriptas
2511 4494 2707 4577 legere
2735 4494 2975 4576 poterit.
3009 4496 3102 4556 Ex
3130 4494 3252 4557 illis
3285 4517 3528 4578 quoque
3551 4500 3876 4581 percipiet,
3910 4504 4007 4566 in-

782 4593 1218 4654 numerabilem
1249 4613 1400 4673 pene
1431 4593 1721 4654 Indorum
1750 4591 2199 4653 multitudinem
2223 4590 2412 4652 armis
2431 4591 2763 4662 subactam,
2786 4609 2856 4650 eo
2882 4588 3077 4650 fructu
3108 4590 3477 4653 cumulatam
3505 4590 3710 4667 fuisse,
3743 4605 3812 4657 ut
3829 4597 4007 4660 Chri-

778 4686 1035 4748 stianam
1067 4686 1275 4746 Fidem
1314 4694 1703 4768 agnosoerent
1725 4730 1742 4759 ,
1774 4693 1834 4747 et
1863 4684 2389 4764 amplecterentur.
2437 4685 2688 4764 Insuper
2717 4704 2791 4744 ex
2823 4683 3163 4764 Apostolico
3193 4685 3368 4745 Brevi
3401 4686 3667 4768 ejusdem
3702 4689 4010 4754 Pontificis

778 4780 855 4842 ad
895 4781 1091 4861 ipsum
1128 4782 1348 4862 Regem
1387 4779 1805 4843 Sebastianum
1836 4779 2262 4860 intelligimuS,
2296 4786 2529 4840 tantam
2558 4778 2622 4838 in
2646 4777 2820 4839 bellis
2848 4777 3241 4857 suscipiendis
3264 4779 3652 4860 victoriisque
3674 4783 4007 4851 referendis

779 4876 1066 4937 virtutem
1095 4895 1235 4936 eum
1280 4877 1497 4957 Regem
1530 4875 1823 4936 divinitus
1849 4873 2180 4936 obtinuisse
2203 4919 2219 4946 ,
2253 4881 2324 4933 ut
2353 4862 2615 4936 caeteros
2643 4891 2851 4934 omnes
2889 4872 3145 4955 Majores
3173 4891 3313 4933 suos
3336 4872 3566 4954 gloriae
3593 4879 4010 4958 magnitudine

786 4969 964 5034 facile
1005 4968 1380 5048 exaequarit.
1425 4968 1833 5042 Quamobrem
1863 4968 1924 5028 S.
1981 4966 2124 5027 Pius
2163 4966 2241 5026 V.
2303 4967 2722 5030 Praedecessor
2772 4976 2972 5028 noster
3013 4965 3137 5045 (uti
3184 4966 3414 5029 sincera
3458 4971 3751 5049 quaedam
3793 4994 4011 5039 monn—

782 5070 983 5125 menta
1014 5061 1342 5143 testantur)
1374 5069 1721 5142 potestatem
1753 5058 1891 5121 fecit
1921 5060 2116 5121 eidem
2157 5059 2509 5124 Sebastiano
2540 5060 2684 5144 Regi
2713 5082 2852 5123 eum
2875 5060 3122 5122 honoris
3160 5060 3432 5123 Titulum
3459 5062 3749 5146 seligendi
3775 5114 3793 5141 ,
3825 5089 4007 5151 quem

782 5157 972 5240 magis
998 5164 1301 5236 expeteret
1326 5201 1342 5229 ,
1373 5174 1435 5216 se
1466 5162 1743 5235 paratum
1778 5174 1903 5215 esse
1932 5152 2243 5215 declarans
2269 5199 2285 5228 ,
2313 5153 2501 5235 ipsius
2528 5154 2824 5218 voluntati
2857 5174 3084 5216 morem
3115 5175 3323 5236 gerere
3346 5201 3363 5230 ,
3393 5164 3461 5217 ut
3486 5158 3749 5222 debitam
3791 5164 4007 5228 videli-

782 5261 873 5313 cet
894 5252 1075 5312 rebus
1104 5248 1575 5331 praeclarissime
1594 5248 1774 5330 gestis
1803 5249 2134 5309 mercedem
2165 5248 2521 5330 impertiret.
2554 5249 2666 5311 His
2688 5248 2995 5329 respondit
3016 5249 3400 5311 Sebastianus
3420 5252 3544 5312 Rex
3570 5297 3586 5325 ,
3619 5272 3682 5314 se
3700 5254 3853 5317 nibil
3880 5279 4007 5321 ma-

782 5344 874 5426 gis
899 5353 1108 5426 optare
1132 5392 1148 5418 ,
1182 5363 1363 5425 quam
1393 5352 1457 5403 ut
1488 5342 1629 5403 Filii
1661 5361 1880 5404 nomen
1906 5387 1922 5416 ‚
1957 5361 2026 5404 ac
2053 5341 2325 5403 Titulum
2347 5362 2492 5425 erga
2523 5344 2859 5405 Romanum
2882 5340 3232 5403 Pontificem
3259 5344 3775 5424 obsequentissimi
3809 5352 4009 5431 palam

783 5439 1114 5500 ostenderet
1143 5485 1159 5513 ‚
1193 5458 1262 5500 ac.
1280 5438 1558 5519 probaret
1588 5457 1604 5508 ;
1637 5456 1851 5516 resque
1872 5444 2182 5517 propterea
2209 5435 2428 5499 insecta
2452 5436 2756 5499 remansit.
