4487 6316
1132 502 1238 555 not

948 673 1079 706 num
1106 655 1324 708 comuni
1353 657 1564 710 Mensae
1592 656 1834 726 apposita
1867 659 2273 727 pronunciaret,
2305 663 2340 710 Ι.
2369 661 2418 711 3.
2449 678 2496 714 c.

950 747 1035 795 13.
1064 762 1116 795 n.
1143 744 1196 795 2.

1056 832 1244 885 Valide
1269 851 1484 903 quoque
1512 844 1852 888 consecratur
1877 837 2060 888 vinum
2092 845 2434 902 venenatum,
2466 840 2500 889 1.

946 922 996 971 3.
1026 937 1073 972 c.
1104 922 1185 972 15.
1218 939 1272 975 n.
1303 922 1385 972 13.

1055 1009 1268 1074 Vatide,
1297 1010 1387 1062 sed
1419 1010 1607 1064 illicite
1635 1011 1689 1063 in
1719 1011 1880 1064 Missa
1923 1022 2363 1066 consecrarentur
2390 1031 2504 1081 par·

947 1097 1136 1149 ticulae
1172 1096 1226 1148 iu
1252 1098 1451 1166 Pyxide
1476 1101 1724 1152 conditae
1743 1137 1758 1165 ,
1790 1101 1833 1152 si
1864 1101 2157 1153 oblationis
2176 1139 2190 1165 ,
2227 1112 2280 1154 et
2304 1104 2505 1155 Conse·

946 1184 1201 1237 erationis
1230 1194 1470 1255 tempore
1502 1188 1657 1256 Pyxis
1686 1206 1794 1240 non
1835 1189 2157 1257 aperiretur,
2197 1192 2233 1242 l.
2264 1192 2314 1241 3.
2344 1209 2388 1243 c.
2419 1192 2502 1242 18.

953 1290 1005 1326 n.
1034 1272 1086 1323 2.
1118 1274 1263 1327 Idem
1295 1275 1602 1340 dicendum,
1633 1277 1674 1328 si
1707 1279 1992 1345 particulae
2019 1288 2160 1331 extra
2186 1281 2389 1331 Petram
2419 1281 2506 1331 Sa·

948 1378 1088 1414 cram
1118 1365 1321 1431 positae
1359 1375 1824 1429 consecrarentur,
1855 1367 1892 1417 1.
1932 1366 1982 1417 A.
2012 1384 2058 1417 c.
2088 1367 2173 1418 18.
2200 1384 2255 1418 n.
2284 1368 2351 1418 m
2391 1365 2397 1372 “

1052 1448 1130 1501 Ad
1155 1451 1477 1504 validitatem
1516 1452 1906 1519 ordinationis,
1946 1464 2153 1522 praeter
2191 1457 2322 1519 alia,
2364 1474 2500 1526 opus

947 1546 1060 1603 est,
1125 1549 1181 1591 ut
1226 1550 1326 1591 tam
1358 1540 1617 1592 ordinans
1639 1579 1654 1605 ,
1717 1559 1874 1612 quam
1941 1542 2274 1595 ordinandus
2333 1554 2503 1596 actua·

949 1627 1093 1690 lem,
1136 1627 1217 1679 vel
1256 1629 1529 1681 virtualem
1577 1631 1928 1681 intentionem
1977 1630 2202 1682 habeant
2240 1632 2496 1696 faciendi,

945 1713 1092 1782 quod
1146 1714 1270 1766 facit
1305 1716 1567 1778 Ecclesia,
1595 1725 1644 1768 et
1670 1717 1980 1783 quomodo,
2023 1720 2057 1770 1.
2098 1719 2149 1770 3.
2177 1736 2224 1771 c.
2256 1721 2338 1770 10.
2370 1738 2403 1770 a
2442 1737 2495 1773 η.

944 1800 999 1852 2.
1038 1801 1114 1853 od
1144 1803 1199 1853 ’1.
1234 1804 1525 1870 explicatur
1574 1806 1859 1873 exemplis,
1905 1807 1941 1857 1.
1994 1807 2045 1857 3.
2074 1824 2120 1859 c.
2151 1810 2236 1859 10.
2265 1825 2319 1859 n.
2351 1809 2401 1859 θ.
2447 1822 2501 1861 ee

952 1907 1010 1940 n.
1041 1892 1123 1941 13.

1055 1979 1109 2030 Si
1138 1980 1259 2048 quis
1287 1980 1459 2047 gravis
1489 1982 1609 2032 mali
1644 1991 1783 2034 metu
1812 1981 1873 2032 ad
1903 1983 2160 2036 Ordinem
2203 1985 2500 2053 suscipien-

942 2064 1071 2117 dum
1098 2066 1418 2135 adigeretur,
1446 2077 1497 2121 et
1525 2080 1578 2120 ut
1611 2073 1807 2122 malum
1836 2070 2108 2139 effugeret,
2137 2072 2385 2148 ord-inem
2417 2092 2498 2124 su·

948 2159 1156 2222 scipere
1187 2155 1514 2221 intenderet,
1545 2159 1717 2210 valide
1746 2159 2116 2222 ordinaretur,
2147 2178 2326 2223 secus,
2368 2163 2408 2213 si
2443 2163 2495 2213 in

944 2243 1129 2291 animo
1156 2242 1459 2309 persisteret
1486 2261 1594 2295 non
1624 2247 1952 2315 suscipiendi
1985 2248 2266 2324 ordinem,
2307 2251 2342 2301 l.
2373 2250 2422 2301 3.
2453 2268 2499 2302 c.

947 2329 1033 2380 10.
1061 2345 1113 2379 n.
1144 2328 1213 2379 12
1253 2330 1596 2384 probabilius
1636 2351 1761 2385 vero
1793 2334 2059 2386 invalidus
2088 2345 2229 2387 esset
2266 2345 2410 2389 actus
2441 2337 2502 2390 il-

949 2415 1073 2480 lius,
1102 2416 1196 2485 qui
1225 2418 1277 2468 in
1310 2416 1595 2485 baptismo,
1627 2422 1707 2473 vel
1733 2421 1939 2475 Ordine
1966 2424 2313 2493 suscipiendo
2341 2426 2504 2476 indif-

949 2503 1122 2555 ferens
1149 2514 1313 2568 esset,
1343 2504 1414 2556 ib.

1657 2682 1789 2734 Vas.

1061 2851 1160 2900 Vas
1205 2868 1454 2915 aeneum,
1501 2855 1554 2904 in
1594 2871 1702 2922 quo
1747 2855 2057 2908 Sacerdotes
2105 2858 2298 2910 veteris
2345 2858 2499 2925 Legis

952 2936 1093 2987 ablui
1135 2935 1426 3004 debebant,
1464 2951 1581 2994 ante
1607 2960 1764 3010 quam
1796 2944 1956 2995 Altari
1998 2946 2396 3011 ministrarent,
2437 2965 2497 2998 ex

950 3024 1181 3090 speculis
1224 3024 1506 3078 mulierum
1558 3039 1919 3082 constructum
1970 3032 2103 3097 suit,
2159 3033 2196 3085 1.
2243 3035 2295 3085 1.
2339 3051 2386 3084 c.
2414 3034 2497 3085 12.

950 3128 1003 3162 η.
1036 3112 1086 3163 1.

1625 3284 1677 3332 V
1671 3283 1830 3333 elum.

1061 3460 1269 3520 Velnm,
1299 3480 1408 3531 quo
1435 3464 1583 3517 Calix
1615 3466 1824 3530 tegitur,
1847 3468 2097 3534 Peplum,
2126 3479 2178 3522 et
2206 3470 2497 3525 sudarium

950 3546 1272 3613 appellatur:
1305 3550 1419 3616 ejus
1450 3568 1573 3602 usus
1601 3554 1848 3620 antiquus
1875 3565 1981 3606 est:
2011 3556 2142 3607 olim
2171 3576 2199 3609 e
2229 3559 2342 3609 lino
2370 3569 2498 3624 erat,

947 3648 1089 3683 nnnc
1141 3635 1367 3686 sericum
1393 3674 1406 3687 .
1461 3638 1688 3707 Triplici
1738 3651 1956 3695 utuntur
2007 3646 2227 3712 Graeci,
2283 3647 2494 3700 tertium

947 3736 1119 3771 aerem
1151 3733 1367 3788 vocant,
1397 3726 1433 3776 Ι.
1466 3727 1511 3776 1.
1541 3745 1587 3779 c.
1616 3729 1667 3780 5.
1696 3747 1748 3779 n.
1774 3732 1827 3782 ’1.

1055 3809 1243 3860 Velum
1271 3822 1389 3864 ante
1424 3814 1809 3870 praefationem
1851 3820 1905 3870 in
1936 3822 2096 3873 Missa
2134 3823 2265 3875 olim
2296 3824 2495 3876 circum

945 3894 1119 3948 Altare
1145 3896 1285 3964 juxta
1311 3902 1563 3970 quasdam
1592 3904 1855 3975 Liturgias
1880 3910 2297 3978 appendebatur,
2326 3912 2419 3964 lib.
2442 3913 2496 3966 2.

949 4001 996 4035 c.
1025 3984 1108 4036 11.
1135 4002 1187 4035 η.
1215 3987 1298 4039 18.

1562 4162 1836 4216 Venenum
1857 4204 1867 4215 .

1052 4330 1324 4383 Venenum
1365 4334 1406 4384 si
1449 4346 1594 4401 ante,
1644 4340 1721 4391 vel
1762 4351 1880 4409 post
1918 4344 2390 4397 consecrationem
2438 4347 2491 4397 iu

942 4416 1117 4470 Calice
1144 4419 1586 4491 deprehendatur,
1614 4429 1747 4496 qnid
1775 4430 2033 4497 agendum
2064 4434 2149 4492 sit,
2180 4434 2216 4485 l.
2251 4435 2299 4483 3.
2330 4451 2375 4485 c.
2412 4436 2491 4488 lli.

940 4506 1091 4554 nat.
1115 4518 1167 4556 et
1193 4507 1273 4558 12.
1297 4509 1594 4580 Aliquando
1617 4517 1891 4567 Venenum
1915 4536 2033 4569 cum
2057 4520 2320 4589 Sanguine
2341 4522 2494 4574 Chri·

943 4594 1006 4642 sti
1038 4591 1277 4647 baustum
1309 4614 1416 4649 non
1447 4606 1657 4665 nocuit,
1689 4603 1760 4654 ib.

1061 4683 1198 4733 Veni
1221 4686 1612 4754 Sanctificator
1643 4694 1921 4761 quomodo
1962 4696 2016 4746 in
2046 4698 2205 4748 Missa
2249 4698 2455 4752 dicatur
2475 4737 2491 4765 ,

944 4768 1004 4817 V.
1041 4768 1254 4835 Omu'o,

1616 4949 1818 5003 Verba.

1052 5116 1222 5169 Verba
1250 5121 1475 5183 Graeca,
1511 5132 1561 5174 et
1587 5124 1835 5178 Hebraica
1872 5127 1925 5179 in
1955 5131 2112 5181 Missa
2159 5131 2486 5201 significant,

941 5203 1180 5257 eamdem
1210 5225 1323 5262 esse
1351 5211 1655 5274 Ecclesiam,
1684 5232 1742 5265 ex
1774 5215 2042 5284 Haebreis,
2061 5229 2112 5272 et
2139 5219 2354 5275 Graecis
2383 5223 2486 5292 pri·

943 5308 1117 5356 mum,
1147 5303 1255 5346 tum
1285 5315 1345 5349 ex
1375 5300 1576 5351 Latinis
1604 5301 1914 5356 conflatam.
1988 5358 1994 5364 ,

2195 504 2405 559 INDEX
2440 503 2934 563 ALPttAnETICth

3277 677 3458 726 Vestes
3472 711 3481 720 .

2665 876 2673 884 -
2713 841 2896 893 Sacrae
2926 850 3092 895 vestes
3113 847 3438 899 necessariae
3462 859 3580 899 sunt
3609 850 3750 916 juxta
3773 852 3961 902 Sacros
3991 853 4156 905 Cano-

2605 944 2698 978 nes
2727 927 2792 978 ad
2830 930 3045 980 Missam
3086 931 3486 998 celebrandam,
3529 938 3599 986 ita
3640 946 3696 988 ut
3735 939 3787 988 iu
3828 958 4156 1009 quacumque

2605 1019 2914 1072 necessitate
2943 1020 3171 1085 graviter
3206 1032 3415 1087 peccet,
3442 1025 3533 1092 qui
3576 1027 3804 1077 scienter
3841 1029 4071 1095 aliquam
4099 1047 4155 1081 ex

2605 1106 2674 1154 iis
2703 1107 2946 1169 omittat,
2975 1124 3157 1169 secus,
3197 1110 3238 1160 si
3281 1113 3618 1178 ignoranter,
3649 1115 3683 1166 Ι.
3714 1118 3759 1163 3,
3793 1133 3822 1165 c
3867 1116 3918 1166 7.
3951 1134 4004 1166 n.
4038 1119 4060 1166 1
4112 1131 4159 1170 et

2603 1191 2652 1241 3.
2680 1190 2831 1260 Apud
2865 1194 3160 1247 Orientales
3187 1216 3402 1267 quoque
3431 1201 3574 1252 nefas
3611 1211 3688 1254 est
3717 1204 3831 1254 sine
3872 1206 4039 1254 sacris
4078 1223 4150 1257 ve·

2603 1280 2772 1334 stibus
2800 1281 3016 1332 Missam
3048 1283 3345 1349 celebrare,
3375 1298 3427 1340 et
3452 1291 3542 1358 qui
3573 1307 3724 1342 secus
3752 1289 3968 1355 fecerit,
3998 1292 4151 1362 depo·

2606 1365 2779 1430 nitur,
2808 1365 2881 1419 ib.

2710 1456 2922 1516 Vestes,
2948 1455 3146 1524 quibus
3179 1458 3352 1511 induti
3385 1463 3696 1517 Sacerdotes
3725 1465 3789 1516 ad
3820 1465 3997 1518 Anni-e
4023 1487 4153 1519 arce·

2600 1538 2760 1604 dunt,
2790 1542 2920 1592 olim
2951 1545 3163 1596 fuerunt
3186 1548 3518 1600 Clericorum
3541 1589 3559 1616 ,
3591 1554 3987 1622 Laicornmqne
4014 1574 4148 1612 cmu-

2601 1645 2816 1689 munes;
2857 1633 3162 1686 verosimile
3221 1644 3392 1690 tamen
3448 1648 3555 1704 est,
3613 1642 3900 1710 Apostolos
3941 1646 3996 1693 in
4039 1648 4151 1696 Mis·

2596 1733 2651 1765 sa
2687 1717 2805 1768 aliis
2841 1720 3075 1771 vestibus
3129 1741 3254 1774 usos
3304 1725 3498 1792 fuisse,
3538 1747 3695 1797 quam
3745 1728 3977 1799 quibus,
4034 1733 4149 1785 dum

2598 1817 2694 1871 per
2739 1805 2845 1857 vias
2899 1808 3230 1872 inu-ederent,
3271 1821 3572 1879 uterentur,
3613 1818 3648 1868 1.
3695 1820 3740 1868 1.
3773 1835 3820 1871 c.
3849 1821 3903 1871 7.
3949 1839 4001 1871 n.
4035 1823 4078 1872 1.
4105 1835 4151 1873 et

2596 1890 2650 1940 2.
2693 1910 2756 1943 ex
2806 1893 3110 1963 Apostolica
3150 1899 3437 1954 traditione
3471 1904 3748 1957 descendit
3785 1924 3902 1958 mos
3943 1911 4152 1977 peculia·

2601 1995 2681 2029 res
2734 1990 2902 2035 vestes
2940 1983 2994 2033 in
3048 1987 3210 2036 Missa
3263 1986 3584 2055 adhibendi,
3616 1994 3862 2064 Append.
3891 1995 3948 2046 2.
3975 1996 4021 2069 5.
4049 1999 4151 2049 Nos

2600 2065 2761 2119 hanc.

2714 2156 2888 2222 Stola,
2919 2159 3257 2228 Manipnlus,
3283 2161 3445 2229 Alba,
3475 2167 3703 2231 Tunica,
3727 2170 4038 2234 Dalmatica,
4065 2172 4145 2225 Ca·

2601 2242 2741 2306 sula,
2782 2260 2870 2294 seu
2910 2246 3122 2298 Planeta
3152 2258 3333 2315 postea
3370 2252 3702 2305 Clericorum
3744 2257 4013 2309 dumtaxat
4042 2276 4147 2326 pro-

2603 2329 2745 2395 priae
2777 2342 2973 2397 vestes,
3004 2334 3057 2384 in
3088 2353 3183 2386 usu
3213 2338 3391 2401 civili,
3432 2348 3481 2392 et
3511 2359 3662 2394 sacro
3691 2344 3935 2408 fuerunt,
3975 2348 4060 2399 sed
4091 2348 4138 2398 in

2605 2434 2753 2468 sacro
2784 2418 3121 2475 decentiores
3158 2423 3566 2481 adhibebantur.
3598 2431 3684 2481 Sic
3720 2433 4072 2486 Missionariis
4095 2435 4141 2484 in

2604 2504 2848 2555 Sinarum
2879 2508 3111 2576 imperio
3144 2510 3482 2579 degentibus,
3513 2516 3604 2566 ubi
3635 2518 3951 2572 indecorum
3980 2530 4051 2573 est
4076 2540 4143 2572 ca·

2612 2599 2707 2657 put
2733 2591 3002 2661 detegere,
3039 2599 3222 2665 pileoli
3268 2617 3390 2652 usus
3422 2603 3477 2652 in
3516 2606 3674 2656 Missa
3702 2624 3987 2660 concessus
4022 2609 4136 2672 t‘uit,

2601 2679 2745 2746 ‹piod
2789 2689 2960 2733 tamen
2990 2703 3014 2733 a
3044 2688 3318 2738 communi
3361 2689 3630 2742 diversum
3661 2705 3827 2755 esset,
3858 2696 3898 2747 1.
3943 2700 3990 2747 1.
4026 2713 4069 2747 c.
4092 2698 4138 2747 7.

2602 2784 2655 2815 η.
2684 2766 2736 2817 2.
2766 2782 2817 2820 ει
2843 2769 2892 2822 3.
2923 2773 3303 2840 Superpellicei
3324 2814 3338 2839 ,
3366 2787 3417 2830 et
3458 2779 3710 2832 rocchetti
3743 2801 3868 2834 usus
3910 2784 4137 2835 inductus

2600 2865 2697 2919 est,
2726 2874 2842 2907 cnm
2870 2859 3212 2928 presbyteros
3241 2865 3442 2933 pigeret
3468 2867 3642 2919 albam
3669 2881 3901 2938 gestare,
3927 2891 4053 2942 qnae
4078 2872 4133 2923 ad

2601 2944 2733 2995 talos
2772 2945 3095 3013 demittitur,
3126 2950 3198 3001 ι’ό.

2708 3034 2883 3085 Prima
2910 3054 2939 3088 e
2967 3038 3130 3088 sacris
3160 3040 3392 3092 vestibus
3418 3053 3497 3094 est
3524 3042 3789 3113 Amictus,
3818 3049 4045 3100 secunda
4070 3049 4137 3100 At·

2593 3117 2689 3184 ba,
2721 3123 2869 3174 tertia
2898 3124 3219 3192 Cingulum,
3246 3139 3430 3198 quarta
3462 3135 3800 3199 manipulus,
3825 3139 4012 3206 quinta
4038 3141 4136 3191 Sto·

2601 3210 2674 3273 la,
2706 3222 2845 3262 sexta
2882 3214 3122 3280 Planeta,
3162 3232 3253 3269 seu
3282 3220 3470 3271 Casula
3491 3258 3506 3284 ,
3538 3223 3573 3273 l.
3605 3224 3654 3274 1.
3683 3241 3730 3276 c.
3758 3226 3809 3276 7.
3839 3244 3874 3277 a
3910 3246 3965 3279 n.
3993 3228 4040 3278 Ι.
4075 3226 4138 3278 ad

2599 3299 2648 3349 8.
2679 3315 2720 3350 c.
2753 3301 2803 3350 8.
2828 3318 2932 3366 per
2954 3313 3052 3354 coe.

2707 3387 2958 3457 Quinque
2985 3401 3109 3443 sunt
3134 3409 3398 3447 sacrarum
3436 3400 3660 3450 vestium
3689 3403 3935 3468 colores,
3962 3406 4022 3457 V.
4052 3406 4133 3456 Co·

2600 3474 2702 3524 lor.
2729 3478 2850 3529 Non
2880 3478 3008 3529 satis
3036 3490 3241 3532 constat
3266 3519 3280 3545 ,
3308 3485 3525 3552 quando
3555 3504 3730 3541 sacrae
3759 3500 3932 3543 vestes
3957 3510 3985 3542 a
4008 3509 4133 3543 eom·

2599 3565 2851 3616 munibus
2874 3565 3108 3620 diversae
3130 3570 3182 3618 in
3213 3571 3518 3625 Ministerio
3546 3574 3734 3628 Altaria
3761 3577 4004 3631 adb‘beri
4031 3596 4131 3630 eoe-

2599 3651 2789 3717 perint:
2811 3654 2873 3705 D.
2902 3656 3209 3723 Hieronymi
3242 3668 3404 3712 aetate
3434 3661 3670 3715 diversae
3697 3664 3860 3717 fnisse
3890 3667 4131 3717 videntur:

2597 3749 2896 3805 congruunt
2919 3751 3090 3794 tamen
3115 3747 3362 3812 mysticae
3386 3760 3553 3802 vestes
3574 3770 3694 3802 cum
3719 3754 4132 3806 Sam-tuariiSan·

2598 3825 2804 3893 ctitate,
2833 3828 2868 3879 1.
2900 3829 2948 3879 1.
2978 3847 3027 3882 c.
3054 3833 3141 3884 10.
3168 3850 3219 3883 n.
3246 3836 3333 3887 10.
3361 3836 3469 3905 Ipsi
3500 3839 3820 3892 calvinistae
3847 3842 3903 3891 in
3935 3843 4036 3892 suis
4059 3859 4131 3891 so·

2598 3913 2865 3967 lemnibns
2895 3916 3261 3974 functionibus
3290 3924 3524 3978 vestibus
3564 3937 3782 3981 utuntur
3818 3930 4133 3998 splendidio-

2595 4000 2873 4079 ribuspib.

2700 4092 3053 4164 Unaquaeque
3078 4115 3110 4148 e
3135 4097 3297 4149 sacris
3328 4099 3561 4152 vestibus
3591 4103 3958 4170 symbolicum
3988 4105 4129 4157 babet

2591 4176 2975 4246 significatum,
3005 4184 3042 4235 l.
3073 4186 3120 4234 1.
3151 4202 3196 4236 c.
3232 4188 3311 4237 10.
3338 4206 3444 4256 per
3470 4201 3573 4242 eol.

2700 4268 2882 4320 Vestes
2921 4270 2983 4320 ad
3024 4273 3353 4326 Sacrificium
3406 4278 3732 4331 necessariae
3769 4280 3834 4333 ab
3871 4282 4126 4352 Episcopo

2597 4351 2990 4408 benedicendae
3018 4370 3168 4426 sunt,
3208 4364 3298 4430 qni
3344 4366 3474 4415 ritus
3502 4376 3580 4418 est
3618 4368 4047 4436 antiquissimus,
4082 4379 4128 4419 et

2597 4439 2732 4491 inter
2761 4452 2923 4495 vestes
2945 4444 3335 4501 benedicendas
3353 4451 3658 4520 Cingulum,
3682 4463 3732 4505 et
3749 4456 3978 4510 Pluviale
3999 4470 4131 4509 com·

2596 4536 2862 4594 putantur.
2901 4533 3184 4599 Simplices
3219 4538 3527 4592 Sacerdotes
3558 4559 3644 4592 eas
3682 4541 3995 4596 beneducere
4025 4561 4125 4593 non

2597 4625 2820 4680 possunt
2858 4618 2972 4670 sine
3001 4620 3154 4673 Sedis
3189 4621 3526 4690 Apostolicae
3555 4628 3828 4691 facultate,
3866 4648 3997 4699 quae
4036 4632 4125 4690 iis,

2586 4712 2670 4751 aut
2695 4702 2986 4757 Abbatibus
3007 4707 3070 4757 ab
3098 4710 3368 4778 Episcopo
3388 4714 3502 4778 jure
3530 4731 3629 4765 suo
3657 4715 3883 4781 delegari
3908 4735 4012 4768 nnn
4044 4735 4127 4784 po·

2594 4796 2721 4852 test,
2763 4791 2885 4843 licet
2911 4795 2998 4845 alii
3029 4797 3182 4849 aliter
3213 4798 3469 4861 sentiant,
3511 4802 3762 4869 Appeeed.
3790 4804 3840 4854 2.
3870 4823 3903 4854 α
3931 4803 3975 4876 fi.
4017 4804 4126 4855 na-

2588 4874 2777 4944 xime,
2820 4898 2986 4948 usque
3023 4882 3100 4935 od
3132 4884 3179 4957 fi.
3221 4889 3432 4951 ltaque.
3478 4889 3734 4959 Episcopi
3775 4893 4036 4944 Titnlares
4073 4893 4120 4939 iu

2590 4964 2758 5014 aliena
2797 4967 3037 5020 Dioecesi
3071 4972 3342 5040 Episcopo
3386 4975 3719 5028 Dioecesano
3760 4982 4121 5046 permittente,

2591 5047 2721 5100 banc
2746 5049 3177 5108 benedictionem
3209 5076 3454 5129 peragere
3486 5074 3738 5129 possunt,
3771 5068 3974 5134 Appen⁴
4003 5066 4051 5116 2.
4078 5064 4120 5136 §-

2592 5135 2788 5188 Ale‘eer.
2828 5139 3054 5195 Abbates
3082 5147 3360 5210 tta-gatar&
3391 5166 3489 5215 pre
3529 5151 3638 5201 suis
3666 5151 3928 5204 dumtaxat
3957 5155 4120 5204 Eccle-

2588 5223 2683 5274 siis
2715 5235 2879 5280 vestes
2904 5228 3217 5286 benedicere
3246 5245 3491 5303 possunt,
3520 5239 3768 5307 Append.
3797 5241 3856 5297 2.
3878 5241 3924 5314 S.
3954 5239 4012 5293 Si
4029 5241 4123 5291 ae·

2584 5313 2805 5379 gulae-es
2830 5328 2879 5369 ee
2908 5336 3051 5387 seqq.
3085 5323 3217 5375 llaec
3253 5322 3557 5378 benedictio
3589 5335 3695 5378 tum
3728 5346 3826 5398 pro
3866 5329 4019 5382 novis
4049 5328 4122 5379 in·
