4487 6316
3415 480 3533 531 th

1222 636 1558 738 scttottt
1619 636 2013 738 stelionum
2074 634 2362 737 lll'l'UUll
2419 634 2944 738 tumtunm.

2076 880 2233 891 φ..-

1597 1015 1723 1086 DE
1781 1012 2551 1088 PERHONORIFICO

1410 1252 1825 1368 REGIS
1902 1250 2745 1368 FIDELISSIMI

1881 1506 1927 1559 'l'
1958 1507 1973 1559 l
2000 1504 2118 1562 Tu
2142 1506 2179 1560 l.
2204 1506 2273 1561 Ο.

456 1844 779 1960 Feliciter
807 1903 864 1956 et
896 1895 1203 1976 auspicato
1225 1895 1374 1956 mihi
1400 1896 1643 1977 contigit
1681 1893 1910 1955 homiui
1940 1892 2225 1954 Lusitano
2253 1940 2268 1965 ‚
2303 1902 2368 1953 ut
2391 1914 2426 1954 e
2460 1905 2738 1973 suggestu
2769 1897 3214 1957 communicare
3244 1916 3480 1978 possem
3513 1915 3705 1958 novae

453 1992 707 2054 Scholae
735 1992 1057 2053 Sacrorum
1089 1992 1337 2053 Rituum
1373 1986 1766 2052 Autlitoribus
1795 2009 2092 2050 summam
2113 2033 2129 2059 ‚
2180 2008 2302 2067 qua
2345 1987 2675 2068 perfundor
2697 2037 2712 2061 ,
2750 1990 3060 2062 laetitiam,
3092 1991 3239 2052 dum
3270 1992 3700 2073 portugalliae.

452 2096 516 2151 et
546 2086 973 2168 Algarbiorum
1006 2086 1152 2167 Regi
1175 2086 1592 2147 potentissimo
1616 2083 1872 2146 Domino
1898 2103 2029 2144 meo
2059 2082 2342 2144 JOANNI
2374 2083 2448 2143 V.
2485 2083 2612 2153 Pio,
2641 2084 2847 2157 Felici,
2886 2088 3153 2167 Augusto
3190 2087 3701 2167 perhonorificum

453 2179 801 2241 fidelissimi
828 2178 1072 2240 titulum
1099 2179 1602 2260 prudentissimus
1644 2198 1848 2239 rerum
1889 2176 2235 2238 aestimator
2259 2224 2275 2251 ,
2310 2184 2368 2237 et
2399 2178 2740 2239 infallibilis
2768 2180 2990 2241 Christi
3035 2182 3315 2243 vicarius
3358 2182 3705 2262 inquertitus

453 2283 585 2348 αἱς
620 2273 924 2355 piaculum
950 2275 1178 2355 grande
1209 2274 1360 2335 foret
1387 2321 1402 2345 ‚
1435 2282 1502 2335 ut
1533 2274 1593 2333 in
1625 2293 1804 2353 opere
1833 2273 1913 2333 ab
1942 2272 2150 2332 eodem
2193 2272 2576 2333 Sanctissimo
2614 2275 2866 2336 Domino
2904 2275 3239 2355 conscripto
3263 2322 3279 2349 ‚
3311 2284 3370 2337 et
3403 2276 3690 2336 Fidelissi-

451 2389 546 2428 mo
570 2369 715 2452 Regi
745 2369 941 2430 dicato
968 2415 984 2441 ,
1021 2388 1213 2431 novae
1240 2367 1635 2430 conoessionis
1665 2367 1890 2428 mentio
1924 2387 2041 2428 non
2076 2363 2267 2426 fieret.
2300 2366 2472 2426 Nunc
2501 2387 2638 2427 cnm
2675 2368 2940 2447 primum
2972 2368 3142 2429 licuit
3170 2389 3549 2431 communem
3578 2370 3697 2431 lae-

455 2463 661 2525 titiam·
682 2463 911 2524 diutius
938 2462 1238 2525 occultare
1270 2483 1387 2523 non
1423 2462 1613 2542 potui;
1642 2461 1811 2523 Unde
1834 2461 1963 2543 jam
2000 2461 2546 2542 incaeptumt)pus,
2577 2471 2639 2522 et
2665 2482 2771 2542 per
2799 2464 3073 2524 omnium
3104 2484 3319 2525 manus
3347 2464 3697 2545 evulgatum

453 2574 675 2638 operae
696 2558 957 2638 pretium
990 2557 1136 2618 duxi
1166 2556 1505 2638 gratissima
1536 2554 1902 2637 digressione
1932 2574 2248 2616 exornare.
2284 2555 2409 2617 Sub
2432 2555 2575 2617 anni
2608 2557 2836 2617 exitum
2867 2557 3030 2618 hunc
3061 2558 3135 2617 (le
3154 2558 3459 2620 Sacrificio
3485 2559 3698 2621 Missae

453 2652 805 2713 Tractatum
834 2651 1113 2732 publicae
1141 2650 1531 2732 disputationi
1563 2670 1967 2733 proponemus
1994 2695 2011 2723 ,
2046 2657 2106 2712 et
2144 2650 2341 2712 cidem
2366 2652 2510 2730 Περὶ
2544 2650 2894 2713 Fidelissima
2920 2701 2935 2724 ,
2965 2652 3060 2713 cui
3108 2652 3358 2715 Scholae
3399 2654 3697 2734 primitias

455 2745 525 2807 in
558 2746 670 2807 hoc
701 2746 859 2808 libro
891 2746 1226 2813 dicavimus
1248 2793 1264 2820 ,
1296 2746 1517 2807 Theses
1545 2746 1624 2806 ab
1654 2745 1863 2805 eodem
1896 2745 2240 2825 desumptas
2268 2746 2671 2808 consecraturi
2698 2765 2944 2819 sumus3
2981 2756 3120 2807 tunc
3152 2747 3317 2808 locus
3344 2748 3457 2808 erit
3492 2747 3695 2829 publi-

453 2859 565 2902 cae
590 2840 770 2902 etiam
801 2840 1007 2922 gaudii
1040 2841 1226 2902 nostri
1258 2839 1706 2922 significationi:
1742 2839 2010 2913 interim,
2045 2849 2284 2920 praeter
2311 2860 2383 2902 ea
2412 2859 2570 2920 quae
2600 2840 2902 2920 praetatus
2928 2861 3063 2902 sum
3097 2841 3491 2903 Auditoribus
3525 2841 3691 2913 meis,

452 2934 716 2997 exhibeo
756 2935 986 2997 Summi
1027 2935 1321 3017 Pontificis
1359 2934 1781 2996 allocutionem
1806 2980 1821 3007 ‚
1856 2942 1916 2994 et
1946 2933 2175 2995 litteras
2214 2934 2622 3016 Apostolicas,
2654 2934 2862 3014 eisque
2901 2933 3166 3016 praefigo
3199 2937 3618 3017 juramentum
3658 2957 3693 2998 a

448 3029 655 3111 primo
677 3031 837 3113 Rege
866 3030 1157 3091 nostruin
1192 3027 1450 3109 publicis
1479 3029 1736 3090 comitiis
1776 3028 2127 3108 praestitum
2157 3076 2173 3102 ,
2206 3039 2278 3091 ut
2313 3030 2474 3091 clare
2503 3030 2888 3112 dignoscatur
2924 3030 3202 3091 eumdem
3244 3029 3411 3091 Fidei
3452 3030 3645 3091 zelum
3673 3078 3688 3103 ‚

450 3122 564 3204 qui
595 3122 863 3186 Lusitani
898 3124 1142 3205 Imperii
1186 3122 1491 3185 fundatori
1530 3123 1755 3186 REGIS
1789 3142 2005 3183 nomen
2046 3122 2452 3205 comparavit,
2486 3122 2837 3205 dignissimo
2871 3124 3004 3205 ejus
3048 3122 3308 3185 Haeredi
3350 3122 3693 3185 Fidelissima·

452 3217 703 3279 titulum
741 3218 1059 3280 addidisse.
1109 3219 1459 3280 Omittimus
1488 3218 1640 3280 alias
1681 3217 2107 3279 Lusitanorum
2150 3220 2381 3300 Regum
2414 3217 2657 3290 laudes,
2691 3217 2785 3278 vel
2827 3217 2990 3299 quod
3029 3218 3312 3278 omnihus
3345 3219 3474 3300 Jam
3517 3227 3690 3280 uotae

451 3310 574 3372 sint
599 3358 616 3385 ‚
652 3313 744 3373 vel
775 3314 939 3393 quod
971 3314 1150 3374 unico
1182 3312 1520 3374 testimonio
1553 3311 1688 3373 illas
1714 3312 2204 3391 comprehensuri
2238 3311 2414 3374 facile
2443 3312 2630 3372 simus
2658 3310 2970 3391 desumpto
2999 3331 3035 3373 a
3067 3311 3241 3372 Bulla
3272 3311 3687 3374 Canooizatio-

448 3406 553 3466 nis
581 3409 832 3469 Sanctae
863 3407 1244 3469 Elisabethae
1270 3454 1286 3479 ,
1325 3428 1482 3488 qnae
1510 3408 1616 3469 etsi
1650 3409 1729 3468 ab
1766 3407 2007 3468 Urbano
2038 3407 2209 3468 vm.
2248 3407 2312 3468 in
2342 3409 2696 3468 Sanctorum
2726 3405 2893 3467 fastis
2920 3405 3217 3486 adscripta
3249 3405 3453 3479 suerit,
3489 3416 3684 3468 tamen

454 3497 739 3562 ultimum
773 3501 938 3563 illius
965 3502 1194 3583 gloriae
1222 3503 1727 3582 complementum
1762 3521 1975 3581 nempe
2005 3502 2136 3583 ejus
2158 3500 2641 3564 Canonizatiouis
2672 3499 2911 3561 Bullam
2942 3510 3144 3561 nostro
3176 3500 3451 3581 tempori,
3483 3509 3543 3562 et
3574 3503 3687 3562 Re-

451 3596 662 3677 gnanti
698 3595 969 3659 Pontifici
1005 3598 1160 3658 Deus
1190 3596 1537 3658 reservavit.
1578 3598 1706 3657 lluo
1736 3596 1883 3657 haec
1912 3595 2269 3658 documenta
2298 3595 2581 3656 omnibus
2619 3595 2886 3655 subsidio
2923 3603 3136 3669 eruut,
3169 3605 3237 3656 ut
3275 3615 3432 3675 quae
3470 3596 3686 3658 deiude

456 3690 702 3772 publica
735 3690 798 3751 in
830 3692 1120 3773 panc-gyri
1161 3692 1412 3752 dicenda
1439 3699 1581 3751 sunt
1609 3736 1625 3761 ‚
1661 3690 1923 3751 dilucide
1964 3690 2404 3771 perspiciantur
2435 3689 2529 3770 (t).
2569 3689 2760 3771 Igitur
2800 3690 3221 3750 Juramcntum
3262 3689 3465 3772 Magni
3513 3691 3690 3772 Regis

453 3784 743 3866 Alphonsi
778 3785 912 3868 (cui
944 3785 1007 3847 in
1041 3785 1149 3858 iis,
1182 3805 1340 3867 quae
1368 3805 1551 3866 supra
1581 3796 1862 3846 naturam
1887 3784 2176 3845 videntur
2203 3831 2219 3858 ,
2252 3785 2583 3846 humanam
2618 3791 2852 3845 tantum
2884 3782 3065 3844 fidem
3086 3784 3265 3866 juxta
3296 3784 3547 3847 Sanctae
3576 3787 3681 3846 Se-

452 3877 551 3941 dis
578 3879 815 3941 decreta
848 3879 1033 3941 tribui
1069 3877 1238 3961 volo)
1270 3880 1580 3940 decumam
1611 3898 1687 3939 ex
1719 3877 1877 3939 libro
1906 3877 2002 3938 cui
2038 3877 2248 3939 titulus
2275 3878 2607 3960 Apparatus
2640 3878 2966 3939 Histoi-icus
2990 3887 3101 3943 etc.
3137 3879 3398 3941 Auctore
3426 3879 3683 3960 Joseplio

454 3972 633 4035 Pinto
663 3973 907 4037 Pereira
934 3974 996 4034 in
1030 3973 1222 4035 lucem
1253 3973 1413 4035 edito
1447 3976 1669 4035 Romae
1698 3993 1860 4034 anno
1895 3976 2066 4033 1728.
2104 3992 2239 4053 pag.
2286 3976 2336 4032 t.

570 4066 699 4146 qu
723 4067 993 4146 Alfonsus
1021 4067 1414 4147 Portuqalliae
1436 4068 1567 4129 Rex
1593 4116 1607 4137 ,
1644 4069 1800 4150 filius
1824 4063 2068 4127 illustris
2095 4065 2332 4126 Comitis
2355 4063 2602 4126 Hearici
2625 4113 2641 4136 ,
2679 4083 2842 4145 nepos
2867 4066 3062 4144 maqni
3083 4064 3250 4143 Reqis
3282 4066 3511 4145 Alsonsi
3535 4115 3550 4136 ,
3594 4089 3683 4126 co-

452 4181 585 4222 ram
605 4163 751 4226 vobis
778 4166 859 4238 (2)
884 4164 1040 4222 bonis
1073 4165 1210 4223 viris
1233 4162 1511 4243 Episcopo
1544 4161 1899 4223 Broc-haren.
1930 4210 1946 4232 ,
1977 4172 2027 4222 et
2063 4159 2344 4240 Episcopo
2376 4157 2810 4221 Conimbricien.
2840 4207 2857 4230 ,
2887 4169 2936 4219 et
2974 4158 3270 4219 Theotonio
3292 4207 3309 4231 ,
3343 4162 3684 4240 reliquisque

453 4258 811 4335 maqnatibus
841 4304 856 4328 ,
896 4257 1233 4337 officialibm
1258 4304 1275 4327 ‚
1312 4258 1546 4317 vassalis
1591 4259 1750 4335 reqni
1776 4257 1885 4315 otei
1914 4303 1926 4324 ‚
1978 4257 2042 4315 in
2083 4255 2188 4314 hae
2223 4251 2406 4314 cruce
2438 4274 2602 4315 aerea
2627 4301 2642 4323 ‚
2680 4263 2730 4314 et
2768 4255 2833 4312 in
2869 4253 2967 4312 hoc
3005 4254 3147 4312 libro
3185 4251 3686 4315 Sanctissimorum

449 4350 899 4431 Ecanqeliorum
926 4399 942 4422 ‚
965 4352 1105 4431 juro
1134 4355 1261 4410 eum
1293 4361 1446 4412 tactu
1471 4363 1746 4412 utanuum
1776 4370 2032 4410 nicarum
2057 4399 2073 4423 ,
2111 4349 2260 4428 quod
2289 4368 2384 4426 eqo
2413 4350 2582 4408 miser
2606 4357 2864 4428 peccator
2902 4348 3023 4407 vidi
3048 4348 3191 4407 hisce
3223 4347 3399 4407 oculis
3436 4350 3685 4429 indiynix

453 4464 646 4506 verum
668 4444 978 4506 Dominum
1006 4455 1262 4506 nostrum
1282 4444 1477 4506 Jesum
1499 4444 1790 4505 Christum
1810 4446 1873 4504 in
1903 4443 2082 4507 Cruce
2108 4447 2188 4518 (3)
2209 4452 2500 4504 extentum
2525 4445 2590 4502 in
2618 4443 2724 4502 hae
2748 4442 2951 4519 [mna.
2980 4440 3108 4520 qu
3134 4461 3289 4501 eram
3310 4462 3437 4501 cum
3459 4447 3538 4518 (t)
3561 4465 3684 4506 mea

450 4539 601 4600 hoste
625 4541 691 4599 in
723 4541 886 4600 terris
913 4540 1075 4600 ultra
1107 4538 1323 4618 Yaqum
1348 4587 1364 4608 ,
1399 4540 1461 4597 in
1487 4538 1643 4618 Aqro
1674 4537 1960 4617 Auriquio
1984 4585 2001 4610 ,
2038 4546 2103 4597 ut
2138 4556 2455 4618 puqnarem
2488 4555 2616 4596 cum
2650 4534 2881 4594 Ismaele
2922 4543 2974 4594 et
3003 4535 3138 4595 aliis
3178 4544 3424 4613 quatuor
3464 4538 3683 4615 rcqibus

450 4630 802 4708 Maurorum
827 4633 1151 4693 habentibus
1182 4652 1364 4693 secum
1399 4633 1626 4714 infinita
1660 4633 1848 4691 nullia
1872 4679 1889 4702 ,
1925 4641 1975 4691 et
2001 4650 2131 4711 qens
2162 4651 2286 4692 mea
2313 4632 2582 4690 timorata
2622 4619 2851 4709 propter
2888 4629 3311 4688 multitudinem
3337 4677 3353 4700 ,
3390 4642 3511 4691 erat
3542 4632 3681 4709 [ati-

450 4735 591 4806 qata
617 4772 634 4795 ,
666 4735 719 4786 et
746 4727 993 4786 multum
1024 4728 1201 4786 tristis
1225 4772 1242 4797 ,
1277 4727 1341 4784 in
1372 4735 1595 4787 tantum
1624 4734 1688 4785 ut
1719 4726 1891 4784 ntulti
1917 4725 2161 4786 dicerent
2200 4745 2308 4786 esse
2340 4726 2701 4785 temeritatem
2733 4724 2882 4782 inire
2911 4723 3116 4782 bellu-m
3141 4771 3156 4794 ,
3189 4733 3240 4783 et
3274 4744 3369 4802 eqo
3401 4727 3578 4787 tristis
3618 4728 3682 4787 de

452 4839 514 4880 eo
537 4867 555 4891 ,
587 4820 737 4899 quod
764 4821 1064 4881 audiebam
1086 4866 1104 4890 ,
1135 4822 1294 4900 caepi
1321 4840 1535 4879 mecum
1564 4821 1807 4898 cogitare
1833 4866 1849 4889 ,
1886 4819 2026 4899 quid
2055 4840 2274 4900 aqerem
2304 4829 2355 4880 et
2388 4819 2651 4879 habebam
2681 4821 2760 4891 (5)
2790 4835 2969 4875 unum
3008 4818 3216 4878 librum
3246 4821 3308 4877 in
3337 4840 3454 4879 meo
3485 4822 3681 4906 padil-

451 4913 597 4973 lione
624 4915 690 4972 in
717 4932 828 4992 quo
855 4923 977 4973 erat
1006 4914 1278 4993 scriptum
1310 4922 1698 4973 testamentum
1717 4914 2019 4991 antiquum
2045 4960 2060 4982 ‚
2099 4925 2147 4974 et
2174 4923 2558 4975 testamentum
2588 4910 2725 4971 Jesu
2759 4910 2998 4971 Christi.
3035 4911 3255 4992 Aperui
3283 4915 3452 4973 illum
3476 4963 3490 4984 ,
3526 4927 3576 4975 et
3602 4917 3680 4976 le-

448 5008 512 5087 qi
532 5009 827 5068 victoriam
860 5005 1153 5077 Gedeonis,
1178 5017 1227 5067 et
1263 5008 1395 5066 dixi
1423 5009 1583 5068 intra
1612 5027 1718 5067 me.
1757 5005 1844 5066 Tu
1866 5009 1971 5066 scis
2004 5005 2242 5066 Douma
2282 5005 2422 5067 ‚lesu
2455 5003 2678 5065 Christe
2715 5005 2852 5083 quia
2877 5023 2986 5085 pro
3017 5014 3113 5064 tuo
3141 5025 3329 5066 amore
3355 5011 3567 5088 suscepi
3599 5014 3677 5084 (B)

448 5102 656 5162 bellum
684 5102 858 5161 istum
888 5095 1238 5161 eontra‘tuos
1266 5102 1522 5160 inimicos
1550 5149 1565 5171 ,
1598 5110 1651 5161 et
1680 5102 1747 5160 in
1770 5119 1946 5162 manu
1980 5111 2079 5163 tua
2109 5112 2186 5160 eu
2217 5102 2353 5161 dare
2385 5100 2527 5159 mihi
2551 5147 2567 5170 ,
2601 5107 2652 5159 et
2679 5101 2811 5159 meis
2837 5100 3228 5177 fortitudinem
3252 5148 3267 5171 ,
3301 5111 3366 5159 ut
3393 5104 3679 5165 tineamus

555 5263 647 5332 (1)
679 5265 835 5329 Quae
854 5273 1162 5331 sequuntur
1184 5264 1369 5315 Notae
1410 5272 1542 5314 suns
1569 5262 1816 5318 loannis
1873 5260 2218 5314 caramuelis
2269 5261 2327 5313 in
2351 5261 2506 5314 aloen
2560 5257 2716 5330 irgfta
2758 5259 2948 5314 citato.
3000 5260 3249 5314 Diversae
3308 5261 3567 5317 lectiones
3617 5284 3680 5320 ex

445 5350 620 5421 Agiot.
650 5351 908 5420 Inusitate
934 5351 1163 5404 Contu»
1186 5352 1468 5408 Gne-utere
1494 5350 1915 5419 &stinguo-tur.
2037 5351 2124 5419 (2)
2151 5351 2286 5403 Boni
2313 5350 2431 5404 Viri
2460 5351 2618 5415 olim,
2640 5350 2733 5419 qui
2763 5349 2928 5404 hodie
2948 5352 3237 5420 Magnetes.
3270 5351 3685 5409 umectent-ense·

455 5437 853 5492 colimbriensi.
1027 5434 1118 5509 (³)
1130 5447 1427 5493 extensum.
1445 5448 1749 5491 extensum.
1927 5437 2019 5508 (l)
2034 5454 2156 5492 meo
2184 5439 2436 5492 exercitu.
2616 5437 2700 5508 (5)
2715 5437 2900 5491 nibli..
3078 5435 3165 5506 (o)
3192 5437 3392 5491 bellum
3425 5440 3585 5494 istud.
