4487 6316
1056 533 1160 588 ⁴7²

987 694 1046 742 ln
1073 691 1243 762 Natali
1273 690 1494 743 Domini
1523 692 1573 741 in
1605 690 1775 743 tribus
1801 690 1985 745 Missis
2007 699 2130 759 post
2157 690 2421 756 sumptio·

870 797 994 831 nem
1021 779 1314 848 sanguinis,
1343 778 1522 831 eundo
1549 788 1601 832 et
1626 777 1903 832 redeundo
1924 780 1978 830 in
2011 777 2246 831 medium
2287 777 2421 827 Atta-

873 868 979 929 ris,
1018 883 1130 920 non
1174 877 1256 921 est
1281 868 1524 921 facienda
1552 866 1851 939 genuflexio
1878 905 1893 933 ,
1942 866 2084 921 lbid.
2137 886 2286 920 num.
2326 867 2415 920 ⁹7.

870 956 925 1007 2.
950 956 1072 1010 ¹⁰7.

976 1048 1038 1099 ln
1067 1048 1241 1114 prima
1266 1056 1319 1100 et
1342 1046 1572 1100 secunda
1597 1047 1761 1100 Missa
1798 1062 1907 1097 non
1924 1044 2098 1099 -debet
2125 1044 2237 1098 fleri
2273 1041 2420 1113 puri-

869 1132 1046 1184 ficatio
1070 1135 1298 1198 Calicis,
1329 1133 1462 1186 ibid.
1493 1152 1639 1186 num.
1672 1136 1775 1187 118

976 1222 1120 1275 Infra
1156 1223 1402 1274 Octavam
1441 1224 1741 1276 Nativitatis
1788 1223 2005 1277 Domini
2057 1222 2418 1292 probibentur

866 1310 1062 1362 Missae
1111 1311 1319 1363 votivae
1371 1312 1634 1380 privatae,
1672 1319 1725 1364 et
1772 1327 1871 1380 pro
1925 1310 2192 1363 defunctis
2214 1348 2229 1374 ,
2284 1307 2417 1362 ibid.

867 1414 1015 1449 num.
1056 1398 1181 1450 12⁶.

971 1486 1269 1555 Episcopus
1315 1486 1588 1540 celebrans
1616 1488 1670 1539 in
1699 1485 2101 1539 pontificalibus
2149 1484 2215 1539 de
2243 1486 2413 1540 Natali

860 1571 1083 1623 Domini
1114 1590 1222 1624 non
1248 1573 1553 1645 genuflectit
1579 1575 1643 1626 ad
1675 1571 2293 1642 Verbumcarofhceum
2321 1584 2417 1638 est,

866 1660 998 1713 ibid.
1025 1678 1081 1714 n.
1112 1662 1234 1714 128.

1620 1837 1667 1886 Ο

1424 2039 1431 2046 ·
1493 2016 1792 2088 Officium.
1876 2014 1880 2019 ’

867 2120 1121 2245 Duplex
1151 2178 1395 2232 officium
1426 2179 1753 2233 recitandum
1767 2187 1847 2232 est
1872 2177 1939 2231 de
1967 2180 2181 2238 Sancto,
2208 2176 2302 2230 ubl
2332 2176 2421 2228 ba-

863 2263 1022 2317 betur
1045 2266 1272 2333 insignis
1299 2267 1551 2337 reliquia.
1571 2268 1705 2320 Dec.
1726 2269 1777 2321 S.
1806 2269 1872 2320 R.
1900 2268 1960 2322 C.
1987 2266 2145 2319 mn.
2168 2267 2235 2318 Et
2260 2266 2417 2318 etiam

862 2351 1028 2404 Missa
1053 2370 1174 2404 cum
1201 2352 1399 2419 Credo,
1430 2353 1565 2408 ibid.

1479 2478 1772 2531 Orationes
1788 2515 1800 2528 .

973 2616 1259 2668 Orationes
1312 2615 1590 2669 ordinatae
1625 2617 1690 2668 ad
1741 2615 2134 2685 impetrandam
2182 2614 2419 2684 pluviam

865 2720 980 2755 non
1019 2713 1144 2754 sunt.
1191 2704 1489 2758 recitandae
1517 2706 1656 2758 inter
1683 2707 1968 2757 missarum
2011 2704 2308 2767 solemnia,
2348 2720 2418 2757 ne

868 2790 1195 2843 Sacrificium
1227 2792 1659 2859 interrumpatur.
1686 2794 1850 2844 Deer.
1880 2793 1931 2845 S.
1970 2794 2041 2844 R.
2075 2793 2131 2846 C.
2159 2809 2212 2842 n.
2231 2792 2287 2845 7.

930 2903 940 2912 ¹
981 2878 1453 2932 Genussectendurn
1485 2896 1593 2931 non
1648 2890 1727 2933 est
1777 2879 1840 2931 ad
1869 2879 2139 2931 orationes
2167 2880 2222 2930 in
2249 2879 2413 2931 Missa

874 2966 1126 3031 solemni,
1159 2967 1212 3017 in
1240 2986 1342 3035 qua
1384 2967 1585 3020 «licitur
1611 2968 1818 3030 Glorin,
1844 2977 1897 3021 et
1920 2967 2098 3020 Credo
2125 2969 2206 3020 vel
2240 2968 2415 3018 solum

873 3053 1090 3120 Gloria,
1120 3072 1292 3123 neque
1319 3056 1374 3106 in
1407 3057 1601 3107 votivis
1622 3097 1633 3108 .
1666 3058 1824 3108 Decr.
1856 3059 1907 3110 S.
1939 3057 2004 3108 R.
2038 3058 2097 3115 G.
2128 3073 2180 3106 n.
2221 3057 2275 3107 0.

978 3143 1056 3195 De
1082 3152 1264 3212 quarta
1291 3145 1548 3198 Oratione
1567 3144 1622 3196 in
1652 3146 1816 3198 Missa
1844 3166 1872 3197 a
1899 3163 2112 3198 summo
2137 3143 2418 3205 pontifice,

871 3233 951 3283 vel
977 3232 1248 3300 Episcopo
1276 3232 1494 3301 adjecta,
1520 3234 1737 3303 quando
1766 3235 1916 3286 tertia
1943 3234 2004 3285 ad
2021 3233 2256 3286 libitum.
2287 3231 2420 3285 ibid.

871 3336 926 3370 a.
959 3319 1081 3373 131.

979 3407 1123 3474 Quae
1145 3409 1319 3477 possit
1343 3426 1458 3462 esse
1486 3411 1636 3463 tertia
1682 3411 1867 3465 Oratio
1894 3409 1958 3463 ad
1996 3409 2214 3462 libitum
2242 3412 2421 3463 Sacer-

873 3496 1019 3547 dotis
1044 3496 1287 3560 dicenda,
1311 3497 1439 3550 ibid.
1456 3517 1508 3550 n.
1536 3501 1655 3550 1⁴8.

977 3584 1038 3637 ln
1067 3586 1406 3638 orationibus
1430 3588 1669 3639 canonis
1697 3588 1901 3640 Summi
1943 3586 2232 3640 pontificis
2269 3603 2419 3637 eom·

868 3675 1187 3725 memoratio
1239 3674 1399 3728 tiebat
1436 3675 1491 3725 in
1518 3677 1753 3728 Ecclesia
1792 3674 2040 3729 orientali
2088 3684 2213 3728 ante
2238 3674 2417 3727 Photii

874 3761 1144 3813 Schisma.
1176 3762 1424 3831 Append.
1452 3765 1535 3815 m.
1565 3763 1739 3837 518.
1773 3776 1825 3815 et
1847 3782 1991 3831 seqq.

990 3850 1337 3902 Monumenta
1362 3869 1427 3903 ex
1461 3851 1660 3920 quibus
1684 3851 2074 3904 'vetustissimus
2103 3851 2157 3902 in
2178 3848 2419 3903 Ecclesia

872 3937 1057 3989 Latina
1085 3934 1342 4002 probatur
1366 3938 1524 4007 buius
1550 3939 2084 3992 commemorationis
2103 3939 2276 3991 Ritus.
2308 3941 2424 4005 Ap·

866 4020 1027 4092 pend.
1045 4024 1174 4098 18.5
1208 4027 1295 4078 10.
1308 4026 1495 4089 Viguit
1519 4025 1677 4079 etiam
1709 4026 1900 4096 primis
1927 4025 2149 4078 saeculis
2177 4025 2232 4077 in
2262 4025 2422 4078 Grae·

872 4128 931 4162 ca
955 4111 1222 4163 Ecclesia.
1262 4112 1431 4185 5.11.

983 4197 1125 4264 Quid
1151 4199 1406 4268 importet
1434 4200 1878 4252 commemoratio
1903 4199 2209 4252 pontilicis.
2249 4199 2296 4272 5
2331 4199 2419 4250 12.

982 4284 1180 4337 Romae
1192 4285 1360 4337 solius
1373 4286 1725 4337 Pontificistit
1747 4286 1969 4347 mentio,
1997 4294 2049 4338 et
2064 4303 2245 4354 quare.
2262 4284 2308 4357 5.
2330 4284 2419 4336 20.

978 4371 1226 4425 Pontifex
1252 4371 1526 4425 celebrans
1565 4375 1845 4442 quomodo
1874 4392 1974 4443 pro
2014 4391 2070 4425 se
2096 4382 2241 4433 oret,
2288 4372 2420 4424 thid.

983 4459 1386 4529 Arehiepiseopi
1430 4478 1701 4532 nunquam
1749 4464 1809 4514 fit
1851 4461 2053 4515 mentio
2081 4480 2108 4511 a
2132 4460 2336 4513 Latinis
2365 4461 2420 4513 in

876 4549 1070 4610 Missa,
1111 4546 1243 4602 ibid.

979 4637 1286 4703 Explicatur
1316 4640 1467 4690 locus
1506 4641 1539 4691 S
1587 4636 1832 4707 Gregorii
1860 4638 1978 4690 vu.
2012 4636 2102 4687 ubi
2133 4634 2303 4688 solius
2328 4636 2420 4687 Pa·

878 4742 976 4794 pae
1005 4741 1200 4777 nomen
1232 4727 1287 4776 in
1315 4727 1547 4779 Ecclesia
1576 4726 1780 4779 recitari
1813 4724 1976 4792 jubet.
2003 4723 2050 4797 5.
2078 4723 2167 4775 2¹.

988 4811 1173 4864 Grecis
1211 4811 1562 4864 orientalibus
1601 4813 1803 4865 licitum
1834 4821 1914 4865 est
1952 4829 2052 4879 pro
2081 4808 2426 4876 Metropolita

877 4907 929 4952 et
958 4898 1219 4952 patriarca
1248 4916 1397 4953 orare
1425 4901 1479 4949 in
1507 4902 1689 4964 Missa,
1726 4901 1890 4952 modo
1930 4899 1983 4950 bi
2015 4916 2123 4949 non
2154 4898 2261 4948 sint
2308 4896 2427 4949 bae-

878 4984 1028 5038 retici
1061 4986 1140 5037 vel
1168 4984 1492 5038 schismatici
1512 5024 1527 5053 ,
1553 4988 1601 5063 5.
1643 4989 1914 5041 usitatio
1943 4983 2257 5054 hujusmodi
2311 5000 2429 5036 san·

882 5071 1097 5124 ctionis.
1126 5070 1173 5144 5.
1202 5072 1295 5124 23.

2236 533 2453 587 muli&
2487 527 2707 584 ALTER

2521 694 2619 751 est,
2648 685 2806 737 etiam
2835 683 2900 736 ab
2939 685 3233 752 exemptis.
3264 687 3426 739 Decr.
3457 689 3507 740 S.
3540 687 3608 739 R.
3642 687 3696 739 C.
3728 705 3780 737 n.
3820 687 3910 739 ⁴7.
3948 687 4073 740 Non

2522 791 2647 826 vero
2678 772 2745 825 de
2771 773 2877 823 alio
2899 810 2911 823 .
2936 771 3080 825 lhid.
3110 773 3167 823 in
3193 785 3326 826 noea
3345 813 3356 826 .

2626 860 3088 913 commemoratio
3115 861 3463 928 Imperatoris
3490 863 3795 933 Regumque
3823 863 3880 912 in
3907 863 4075 914 Missa

2518 965 2611 1011 an,
2640 957 2693 1000 et
2719 967 2745 999 a
2773 966 2882 1017 quo
2923 956 3165 1016 tempore
3203 949 3293 1000 liat
3333 949 3390 1001 in
3423 951 3609 1002 Latina
3644 951 3912 1003 Ecclesia.
3960 950 4079 1016 Ap·

2513 1035 2673 1104 perid.
2705 1037 2793 1087 18.·
2818 1036 2866 1110 5.
2893 1035 2985 1088 28.
3015 1037 3285 1105 Quaenam
3326 1053 3472 1089 nnnc
3507 1046 3744 1090 servetur
3788 1045 4076 1089 consuetu·

2519 1122 2611 1176 do.
2641 1122 2782 1175 ibid.

2625 1210 2774 1280 Apud
2822 1212 3123 1266 otientates
3169 1212 3424 1265 Nationes
3473 1212 3768 1265 universim
3819 1221 4064 1281 receptus

2518 1316 2644 1350 usus
2675 1300 2865 1352 orandi
2913 1301 2969 1351 in
3008 1300 3173 1352 Missa
3210 1317 3310 1369 pro
3346 1303 3500 1371 Rege.
3535 1300 3584 1374 5.
3619 1300 3712 1352 27.
3747 1301 4058 1368 Explicatur

2518 1389 2801 1456 quomodo
2832 1388 2885 1440 in
2917 1388 3051 1458 ipsis
3079 1390 3261 1456 licere,
3291 1389 3636 1459 permittique
3657 1389 3861 1458 possit.
3890 1387 4030 1442 lbid.

3122 1512 3448 1589 Orator-{um
3460 1552 3472 1565 .

2630 1652 2706 1703 De
2731 1652 2995 1705 Oratoriis
3024 1651 3246 1720 privatis
3275 1651 3331 1703 in
3381 1650 3638 1704 domibus
3665 1651 3949 1705 laieorum
3989 1668 4083 1703 ex·

2523 1744 2634 1788 tant
2656 1749 3001 1790 monumenta
3029 1748 3138 1791 tum
3169 1739 3384 1807 primis,
3414 1749 3525 1791 tum
3555 1738 3951 1808 posterioribus
3977 1740 4077 1789 Ec·

2522 1824 2717 1877 clesiae
2744 1827 2966 1879 saeculis
2987 1863 3002 1877 .
3048 1825 3302 1896 Append.
3340 1829 3426 1880 18.
3455 1828 3502 1901 5.
3531 1830 3585 1880 9.
3614 1829 3691 1881 De
3718 1828 3787 1879 iis
3814 1826 4080 1897 abrogan-

2523 1911 2606 1966 dis
2633 1923 2791 1981 saepe
2816 1915 3104 1983 cogitatum
3124 1953 3138 1965 .
3170 1914 3309 1967 thid.

2627 2000 2704 2054 Ad
2733 2019 2920 2054 eorum
2961 2002 3288 2056 erectionem
3318 2012 3371 2056 et
3396 2019 3551 2056 usum
3586 2003 3982 2072 Episcopornm
4012 2005 4080 2054 li·

2521 2089 2693 2140 centia
2721 2107 2934 2157 semper
2962 2090 3219 2159 requisita
3247 2092 3365 2143 fuit.
3395 2090 3427 2164 5
3475 2094 3563 2143 10.
3605 2090 3709 2144 Sed
3749 2090 3877 2143 baec
3913 2092 4080 2143 facul-

2523 2178 2815 2229 tasuConc.
2847 2178 3005 2231 Trid.
3031 2179 3319 2248 Episcopis
3348 2180 3597 2248 adempta
3622 2190 3720 2244 est,
3751 2178 3981 2250 ideoque
4005 2180 4078 2231 ad

2520 2266 2697 2315 solum
2726 2268 3026 2318 Romanum
3052 2267 3370 2321 Pontificem
3404 2267 3671 2320 devoluta.
3711 2267 3877 2341 5.11.

2630 2353 2889 2405 Providae
2920 2355 3098 2421 legesa
3127 2357 3180 2405 S.
3210 2354 3347 2406 Sede
3373 2357 3726 2424 praescriptae
3754 2372 3855 2424 pro
3879 2358 4078 2409 Orato-

2523 2439 2727 2491 riorum
2758 2442 3086 2507 privatorum
3114 2443 3386 2494 erectione
3410 2450 3464 2494 et
3491 2458 3589 2493 usu
3609 2483 3620 2494 .
3652 2442 3698 2516 5.
3742 2442 3828 2494 ¹2.

2633 2525 2934 2594 Ampliores
2967 2529 3345 2580 concessiones
3371 2528 3550 2598 quoad
3579 2547 3861 2582 numerum
3889 2530 4082 2582 nissa-

2522 2629 2661 2675 rum,
2676 2613 2916 2681 diesque,
2935 2624 2985 2666 et
2998 2613 3157 2665 boras
3177 2613 3377 2683 quibus
3395 2615 3651 2666 celebrari
3675 2617 3896 2667 valeant.
3909 2616 3960 2690 5.
3980 2617 4072 2668 1³.

2629 2701 3048 2753 lndultariorum
3080 2702 3376 2769 praeseutia
3405 2700 3699 2770 requiritur
3715 2719 3816 2770 pro
3843 2703 4080 2756 celebra·

2523 2786 2671 2839 tione
2707 2788 2900 2839 Missae
2929 2789 2981 2837 in
3010 2788 3263 2841 Oratorio
3302 2789 3537 2857 privato.
3580 2788 3628 2862 5.
3669 2788 3753 2841 ss.
3788 2789 4074 2842 indultas-ii

2524 2881 2694 2925 autem
2724 2873 3126 2938 distinguuntur
3146 2872 3210 2926 ab
3237 2875 3325 2938 iia,
3355 2875 3552 2943 quibus
3580 2875 3929 2927 solummodo
3944 2894 4078 2928 con·

2521 2960 2749 3023 ceditur,
2777 2970 2834 3013 ut
2861 2963 3082 3014 Missam
3113 2962 3190 3014 ibi
3220 2961 3525 3025 audiendo,
3553 2972 3836 3032 praecepto
3863 2964 4073 3015 satisfa-

2521 3049 2687 3101 ciant.
2716 3049 2765 3123 5.
2796 3052 2880 3101 111.
2908 3050 3189 3103 Indultarii
3220 3068 3348 3103 vero
3376 3050 3629 3103 dicuntur
3657 3052 3723 3115 ii,
3760 3048 3961 3120 quibus
3985 3053 4079 3105 lit·

2524 3146 2660 3191 terae
2686 3138 3026 3208 Apostolicae
3053 3138 3284 3192 directae
3306 3146 3446 3191 sunt..
3475 3138 3616 3193 thid.

2627 3228 2929 3295 Baptismus
2978 3235 3122 3279 extra
3173 3243 3353 3278 casum
3392 3227 3724 3280 necessitatis
3765 3227 4060 3279 ministrari

2521 3317 2708 3383 nequit
2750 3317 2806 3366 in
2834 3316 3102 3375 Oratoriis
3143 3315 3386 3382 privatis,
3426 3324 3795 3386 praeterquam
3823 3315 3952 3367 filiis
3975 3317 4073 3368 ne-

2520 3421 2642 3471 gum
2671 3421 2730 3454 ac
2746 3405 3078 3472 Principum.
3119 3402 3287 3475 5.19.

2629 3493 2814 3559 Neque
2847 3493 3247 3543 Sacramentum
3273 3489 3641 3543 poenitenti-e
3683 3498 3826 3543 extra
3861 3507 4012 3542 casus
4039 3509 4070 3542 a

2519 3578 2634 3645 jure
2660 3580 2976 3645 permissos,
3004 3594 3115 3629 non
3147 3576 3489 3631 obstantibus
3522 3576 3816 3647 privilegiis
3851 3579 4072 3647 Regula·

2521 3664 2678 3716 rium.
2706 3665 2753 3737 5.
2775 3666 2866 3717 20.

2627 3754 2689 3806 In
2726 3752 2990 3805 Oratoriis
3031 3753 3251 3822 privatis
3298 3763 3441 3806 extra
3488 3753 3941 3807 communionem
3970 3756 4067 3805 P..-

2520 3840 2773 3905 sehalem,
2797 3841 2981 3893 licebit
3008 3843 3060 3894 S.
3084 3841 3469 3894 Eucharistiam
3483 3857 3714 3904 sumere,
3742 3839 3785 3891 si
3812 3842 4069 3909 Episcopi

2522 3927 2738 3980 licentia
2764 3926 2990 3981 accedat.
3005 3927 3055 4001 5.
3075 3927 3241 3980 28.st
3271 3927 3367 3980 bac
3384 3935 3559 3981 autem
3587 3946 3645 3981 re
3673 3926 4068 3997 Episcoporum

2520 4022 2708 4066 statuta
2736 4014 3067 4068 observanda
3088 4055 3099 4066 .
3123 4014 3171 4088 5.
3197 4013 3288 4066 2⁴.

2626 4102 2904 4156 Decretum
2934 4103 3230 4156 Clementis
3255 4100 3344 4155 XI.
3384 4099 3523 4153 circa
3562 4098 3979 4155 celebrationem
4009 4102 4069 4154 in

2519 4189 2783 4242 Oratoriis
2812 4190 3031 4258 privatis
3048 4229 3060 4241 .
3086 4189 3338 4259 Append.
3369 4190 3456 4241 18.
3485 4186 3665 4257 infin.

2632 4278 2839 4330 liabens
2868 4274 3165 4331 facultatem
3197 4277 3436 4347 erigendi
3467 4276 3815 4345 oratorium,
3851 4295 3961 4329 non
3990 4279 4075 4330 in-

2521 4363 2660 4432 ‹liget
2689 4366 2850 4417 altera
2878 4365 3121 4417 facultate
3148 4363 3391 4434 erigendi
3424 4366 3587 4418 altare
3614 4366 3884 4433 ligneum,
3911 4363 4069 4416 dum-

2522 4452 2686 4503 modo
2713 4454 2898 4521 parieti
2921 4454 2992 4504 ita
3011 4453 3311 4522 colligetur,
3335 4460 3392 4504 ut
3418 4453 3685 4520 portatilis
3714 4453 4062 4523 immaginem

2523 4557 2632 4590 non
2664 4540 2945 4607 praeferat.
2974 4542 3135 4593 Decr.
3166 4544 3218 4594 S.
3252 4542 3320 4593 R.
3355 4541 3412 4592 C.
3440 4558 3588 4591 num.
3617 4542 3707 4592 08.

2634 4627 2933 4695 Episcopus
2976 4645 3086 4678 non
3127 4627 3326 4680 babens
3354 4628 3623 4681 facultates
3650 4627 3981 4681 concedendi
4018 4636 4074 4679 ut

2523 4715 2685 4767 Missa
2714 4715 2920 4768 dicatur
2945 4717 2999 4766 in
3017 4716 3286 4768 Oratoriis
3328 4716 3577 4784 privatisg
3604 4735 3719 4766 eam
3753 4732 3862 4767 uon
3893 4725 4071 4784 potest

2524 4802 2817 4856 concedere
2836 4801 3167 4872 petentibus.
3200 4802 3336 4857 thid.
3368 4821 3515 4855 num.
3547 4805 3669 4855 ¹⁶7.

2634 4890 2886 4941 oratorio
2937 4891 3136 4958 privata
3187 4891 3243 4942 in
3288 4890 3681 4958 Episcoporum
3728 4889 3949 4942 aedibus
3975 4909 4060 4944 ex-

2526 4984 2689 5028 tructa
2707 4978 2810 5043 iam
2839 4994 3004 5046 usque
3023 4996 3049 5028 a
3068 4977 3342 5046 prioribus
3365 4978 3628 5030 Ecclesiae
3652 4980 3875 5029 saeculis
3922 4981 4070 5048 App.

2527 5064 2610 5115 18.
2639 5064 2687 5137 5
2719 5066 2767 5115 1.
2796 5063 3003 5132 Quibus
3030 5065 3198 5119 Cone.
3230 5064 3386 5119 Tricl.
3416 5064 3483 5116 de
3503 5065 3622 5116 aliis
3648 5064 3912 5117 Oratoriis
3960 5068 4072 5132 pri·

991 5159 1291 5229 Ερὶςρορης
1317 5161 1592 5213 celebra„
1614 5181 1718 5231 qu.
1757 5164 1988 5216 formul,
2017 5179 2116 5232 pm
2145 5180 2201 5217 ,e
2227 5170 2344 5215 oret
2368 5160 2423 5211 ὶῃ
2524 5152 2656 5202 vatis
2670 5150 2981 5215 decernens,
3008 5151 3144 5203 nihil
3174 5152 3432 5205 detrabit.
3457 5151 3508 5225 5
3534 5150 3588 5202 2.
3618 5150 3720 5204 Sed
3742 5150 3879 5202 nibil
3904 5152 4070 5204 etiam

885 5247 1066 5299 Missa.
1097 5247 1343 5315 Append.
1373 5251 1458 5302 18.
1487 5250 1535 5323 5.
1569 5251 1658 5302 20.

2531 5240 2712 5291 statuit
2745 5240 2813 5291 de
2839 5256 3027 5293 eorum
3061 5240 3301 5292 facultate
3328 5249 3468 5292 extra
3495 5237 3757 5292 Ecclesias
3783 5237 4079 5311 Episcopa—

990 5337 1448 5393 commemoratio
1490 5338 1555 5392 da
1592 5340 1863 5411 Episcopo
1908 5340 2137 5392 omnino
2185 5335 2425 5392 t'aoienda
2528 5329 2623 5393 les,
2653 5336 2703 5379 et
2728 5334 2871 5380 extra
2897 5327 3217 5381 Dioccesim.
3248 5328 3294 5404 5
3324 5328 3375 5380 3.
