4487 6316
1852 507 1962 559 ms
2017 505 2085 561 lt.
2118 502 2278 559 mr:
2306 504 2445 562 xm„
2628 531 2630 535 ·
2795 505 2798 512 ’
3459 511 3531 563 73

497 646 826 707 maneriam
855 655 1176 710 mantes
1204 666 1330 716 non⁴
1352 651 1494 712 sunt
1518 649 1791 713 diversae
1819 650 2056 714 Oratio-

499 756 607 799 nes
628 784 645 811 ,
681 740 785 801 sed
812 760 952 820 pars
985 741 1215 821 primae
1249 742 1554 805 Orationis
1580 790 1597 817 ,
1632 752 1701 806 ut
1733 744 2050 808 deducitur

495 851 573 895 ex
592 833 865 897 clausula
884 835 1000 896 Per
1019 839 1251 898 eundem
1271 838 1579 900 Dominum
1599 851 1875 912 nostrum,
1899 860 2056 921 quae

494 928 575 990 ad
598 928 873 990 omnium
900 930 1259 995 Orationum
1289 932 1476 995 finem
1498 935 1858 1016 apponitur;
1887 937 2053 1017 quod

496 1021 680 1108 etiam
701 1023 961 1105 quisque
984 1035 1174 1106 potest
1199 1026 1568 1111 intelligere,
1601 1030 1651 1091 si
1677 1031 2059 1094 animadver-

499 1122 606 1189 tat,
631 1115 1122 1191 Communicamus
1138 1121 1306 1182 omni
1330 1140 1508 1183 sensu
1529 1142 1754 1198 carere,
1778 1124 1894 1185 nisi
1915 1144 2055 1186 cum

494 1212 770 1291 proxime
790 1214 1283 1294 praecedentibus
1304 1216 1507 1279 verbis
1521 1218 1924 1281 continuetur.
1951 1218 2057 1282 Vi-

495 1306 577 1370 de
602 1308 1038 1371 Bellarminum
1075 1320 1156 1372 to.
1206 1316 1265 1373 3.
1314 1312 1693 1375 Controvers.
1736 1313 1845 1376 lib.
1882 1320 1941 1375 6.
1979 1315 2056 1379 de

499 1401 684 1465 uisas
711 1423 764 1464 c.
795 1409 895 1465 21.
929 1404 993 1465 in
1024 1406 1218 1486 princ.

614 1502 676 1559 2.
707 1498 782 1564 ,In
817 1498 933 1562 hac
962 1499 1160 1580 prima
1202 1501 1492 1565 Oratione
1532 1504 1659 1567 Deo
1703 1504 1867 1567 Patri
1913 1524 2052 1587 pre-

154 1603 362 1647 s-eerdo·
407 1615 458 1644 σ-
497 1610 593 1654 ces
624 1592 1018 1676 dirigunturz
1069 1595 1144 1656 Te
1183 1598 1366 1675 'iqitu'r
1401 1600 1819 1660 clematissime
1849 1598 2048 1661 Pater.

153 1670 338 1762 :325⁰
359 1660 458 1759 ..Εἰ
497 1686 625 1748 susi
652 1687 818 1749 enim
849 1688 1108 1752 Divinae
1145 1689 1427 1753 Trinius
1459 1690 1830 1754 sacrificium
1873 1694 2052 1756 unbr-

152 1789 282 1819 ”U
300 1806 315 1829 ²
380 1785 458 1831 μ’
497 1790 620 1856 tur,
647 1790 848 1845 tamen
871 1783 920 1845 si
946 1804 1150 1865 preces
1173 1783 1412 1867 aliquot
1435 1786 1719 1867 excipias,
1751 1807 1908 1868 quae
1925 1788 2056 1850 Tri-

152 1892 390 1959 ξιρηωμ.
413 1894 457 1929 οι
497 1876 747 1939 nitatem
765 1879 1116 1959 respiciunt,
1136 1882 1468 1964 cujusmodi
1491 1891 1633 1943 sunt
1651 1881 1882 1963 Suscipe
1901 1882 2052 1945 Sau-

153 2003 350 2121 “.·.”.““·“
365 1963 453 2045 ’“··
494 1970 2053 2153 ῗὲξ.ἷῗῒζῖ.”ξζῖ”ῗ..ἕ.ῗῖ.ἷί.”ἶωῖέἷὲᾝ

495 2161 875 2226 ιυθωάἰιιοιιι
916 2164 997 2225 ad
1038 2167 1233 2228 Betim
1276 2167 1514 2231 Patrem
1553 2187 1662 2249 per
1712 2167 1936 2229 Filium
1980 2169 2046 2230 in

496 2253 734 2317 unitate
764 2256 849 2318 Sc
863 2257 1128 2338 Spiritus
1154 2259 1524 2341 diriguntur.
1562 2263 1751 2322 Deum
1777 2280 1924 2325 vero
1949 2262 2054 2326 Sa-

493 2348 704 2415 cerdos
742 2349 807 2410 in
843 2349 959 2413 hac
999 2352 1196 2433 prima
1230 2352 1519 2416 Oratione
1554 2354 1907 2435 deprecatur
1939 2374 2050 2436 pro

495 2440 760 2508 Ecclesia
801 2442 1017 2507 Sancta
1068 2442 1374 2509 Catlfolica
1400 2492 1417 2520 ,
1465 2466 1577 2528 pro
1607 2447 1856 2511 Summo
1890 2450 2048 2511 Pon-

493 2534 656 2597 tifice
681 2581 698 2609 ,
734 2556 844 2615 pro
881 2537 1173 2617 Episcopo
1196 2584 1213 2609 ,
1244 2539 1308 2600 in
1349 2540 1716 2619 quibusdam
1749 2541 1896 2604 locis
1939 2562 2050 2624 pro

494 2628 657 2712 Rege
678 2676 696 2705 ‚
728 2645 781 2693 el
822 2655 926 2711 pro
955 2639 1205 2691 omnibus
1243 2639 1565 2695 ortleffllooei's
1597 2687 1605 2701 ‚
1641 2647 1806 2716 alque
1837 2636 2049 2700 Catho-

178 2744 456 2806 Bxptiesntnr
497 2724 636 2785 ὅσα
660 2735 712 2785 el
742 2727 1086 2804 :lJmstolicae
1124 2729 1279 2786 Fidei
1307 2733 1629 2788 cultoribus,
1673 2731 1741 2791 In
1782 2749 1854 2792 en
1896 2730 2051 2795 Orn-

157 2802 453 2906 {hgfizmffss
495 2816 654 2880 lione
697 2818 768 2880 Te
812 2826 988 2897 iqitm·
1022 2824 1120 2882 illa
1172 2825 1557 2882 ruminentur
1591 2825 1773 2887 verba
1828 2823 2049 2888 Sancta

155 2916 303 2962 ΒΜ·-
498 2910 802 2995 Sacrificia
826 2920 1058 2976 illibata
1076 2938 1097 2974 .-
1126 2938 1283 2995 quae
1305 2920 1689 2979 innocentius
1711 2917 1949 2980 Tertius
1974 2919 2051 2982 de

489 3006 700 3070 Officio
731 3009 1085 3073 Missaexlib.
1125 3017 1183 3071 3.
1233 3030 1363 3090 cap.
1405 3016 1462 3071 3.
1498 3011 1564 3072 in
1598 3012 1762 3075 hunc
1802 3013 2049 3075 modum

485 3102 785 3184 explicat:
817 3104 1109 3166 Dicuntur
1136 3106 1399 3179 illibata,
1447 3108 1590 3168 idest
1632 3109 2003 3171 immaculata
2029 3158 2044 3183 ‚

489 3217 635 3278 quae
659 3201 779 3260 sins
805 3202 1032 3263 meula
1059 3202 1243 3261 cordis
1261 3250 1276 3272 ‚
1307 3212 1358 3262 et
1385 3204 1630 3282 eorporis
1655 3215 1864 3284 oportet
1889 3204 2050 3286 offer*

487 3294 569 3363 ri,
597 3304 874 3373 quatem
898 3315 994 3355 eor
1015 3297 1087 3357 ab
1113 3298 1418 3376 iniquitate
1436 3309 1735 3377 purgetur,
1771 3308 1823 3358 et
1846 3319 2047 3381 corpus

487 3387 562 3448 ab
589 3388 978 3449 munditia.

156 3465 448 3571 2-ss
605 3483 664 3540 3.
700 3480 1046 3563 Postquam}
1066 3482 1268 3545 oravit
1298 3483 1587 3546 Sacerdos
1624 3502 1735 3564 pro
1778 3485 2042 3550 Ecclesia

154 3582 448 3684 εἷα-Ἐκ
488 3574 793 3638 Catholica
819 3622 838 3650 ,
863 3587 999 3640 orat
1030 3597 1143 3660 pro
1167 3597 1406 3640 summo
1450 3579 1738 3642 Pontifice
1766 3600 1782 3641 z
1836 3581 2042 3643 [Iaitas

157 3699 219 3739 ..ᾗ
275 3656 449 3743 aaz
489 3672 638 3731 οηέηι
662 3673 1023 3734 sacerdotalis
1047 3720 1064 3745 ,
1094 3681 1166 3735 ut
1188 3673 1277 3736 ait
1300 3674 1342 3735 S
1375 3673 1715 3757 Cyprianus
1738 3721 1755 3749 ,
1801 3694 1838 3737 a
1879 3675 2044 3736 Petri

153 3754 452 3856 Qun-2⁰2}
495 3761 780 3826 Cathedra
800 3777 1002 3827 exorta
1022 3777 1120 3826 est.
1146 3768 1267 3826 Nec
1283 3788 1427 3826 sane
1445 3769 1768 3849 quisquam
1783 3771 1925 3852 jure
1942 3789 2042 3831 ne·

151 3870 419 3971 'mgna-
493 3859 726 3940 gaverit
749 3905 766 3933 ,
801 3859 864 3921 in
894 3863 1150 3922 Ecclesia
1184 3865 1473 3924 (iric-„ntali
1515 3864 1587 3926 de
1615 3882 1852 3925 summo
1880 3864 2038 3925 Pon-

491 3949 650 4014 tifice
674 3951 820 4013 olim
848 3958 1211 4017 mentionem
1239 3958 1371 4020 fieri
1393 3956 1800 4025 consuevisse:
1832 3965 2040 4019 narrat

488 4044 653 4106 enim
680 4046 1049 4128 Nicepboms
1078 4049 1185 4111 lib.
1231 4055 1325 4110 16.
1356 4069 1485 4130 cap.
1522 4055 1617 4112 17.
1643 4050 1908 4131 primum
1935 4069 2040 4112 au-

488 4158 626 4202 sum
650 4160 778 4204 esse
810 4144 1094 4206 Acacium
1133 4144 1860 4226 Constantinopolitanum
1891 4145 2038 4226 Epi-

482 4252 732 4315 scopum
757 4237 974 4316 quinto
996 4237 1233 4300 saeculo
1261 4237 1474 4300 Felicis
1501 4240 1582 4300 11.
1614 4238 1846 4300 Summi
1878 4240 2036 4301 Pon-

489 4328 667 4393 tificis
693 4350 914 4393 nomen
940 4351 976 4393 e
1001 4331 1316 4416 Dyptichis
1347 4332 1531 4394 sacris
1552 4351 1898 4415 expungere
1923 4354 1941 4406 ς
1975 4341 2038 4396 et

486 4422 913 4487 Constantinus
940 4427 1281 4509 Pogonatus
1311 4428 1643 4507 Imperator
1673 4426 1737 4486 in
1767 4426 2036 4507 Epistola

485 4519 564 4580 ad
589 4519 909 4580 Summum
935 4519 1286 4583 Pontificem
1308 4566 1326 4595 ,
1371 4539 1528 4601 quae
1563 4519 1911 4601 praeposita.
1945 4528 2035 4582 est

483 4611 752 4674 Concilio
785 4624 955 4676 sexto
985 4613 1263 4677 Generali
1284 4660 1301 4689 ‚
1332 4613 1596 4677 declarat
1612 4658 1629 4687 ‚
1660 4632 1723 4675 se
1764 4614 2031 4675 Patriar-

484 4706 633 4768 cbae
653 4728 690 4770 e
718 4708 903 4770 sacris
926 4708 1238 4791 Dypticbis
1271 4710 1401 4792 ejus
1434 4726 1653 4769 nomen
1690 4706 1890 4770 delere
1925 4727 2032 4769 vo-

485 4798 633 4864 lenti
662 4801 1047 4864 vehementer
1070 4802 1395 4865 restitisse:
1425 4802 1820 4884 quamobrem
1847 4801 1911 4862 in
1938 4802 2036 4863 Li-

484 4895 700 4978 turgiis
715 4942 733 4969 ,
759 4916 918 4978 quae
943 4898 1256 4977 posteriori
1285 4907 1550 4979 tempore
1574 4904 1716 4958 sunt
1739 4894 2027 4977 scriptae,

485 4989 719 5050 Summi
743 4988 1050 5052 Pontificis
1068 5009 1287 5053 nomen
1306 4990 1624 5071 reperitur.
1650 4989 2034 5072 llaecautem

148 5105 445 5175 uquzsos-
487 5080 554 5144 in
581 5083 844 5146 Eccleda
864 5084 1160 5147 Orientali
1187 5085 1526 5148 intermissa
1550 5091 1640 5147 est
1668 5085 2033 5146 consuetudo

149 5164 348 5275 ἕξετ’·
344 5168 442 5279 (1ξῖ
483 5186 727 5257 propter
750 5178 948 5241 Photii
975 5179 1233 5242 schisma
1250 5225 1267 5254 ‚
1297 5199 1408 5241 nec
1428 5198 1702 5261 unquam
1732 5185 1931 5240 actum
1957 5179 2033 5240 de

152 5278 228 5320 bu·
258 5277 352 5321 fler·
371 5285 439 5332 iu·
483 5269 857 5336 concilianda
884 5281 1144 5355 utraque
1166 5274 1427 5337 Ecclesia
1443 5321 1459 5348 ,
1488 5275 1638 5355 quin
1661 5273 1904 5336 Graecis
1929 5292 2034 5335 no-

153 5335 275 5379 betur
285 5337 441 5378 mentio

210 5394 384 5434 amni

483 5363 716 5426 hiscum
734 5385 967 5449 semper
982 5367 1329 5431 convenerit
1350 5369 1582 5429 Summi
1607 5367 1912 5430 Pontificis
1927 5386 2032 5430 no-

2161 651 2239 713 ad
2262 648 2704 714 occidentalem
2722 637 3344 735 Ecclesiam‘pertinet
3359 637 3386 727 ,⁸
3420 652 3571 714 adeo
3609 658 3721 713 ire-¹

2161 754 2259 808 tus
2277 755 2368 809 est
2386 746 2598 809 orandi
2622 767 2732 827 pro
2763 747 2927 829 Papa
2960 748 3024 809 in
3059 748 3300 821 Canone
3321 746 3714 833 consuetudo,

2161 848 2232 902 ut
2260 842 2391 923 ejus
2417 841 2593 923 origo
2622 841 2875 903 indicari
2907 861 3029 903 non
3059 841 3276 923 possit,
3307 838 3717 997 Ἕω

2162 944 2411 1016 possunt
2441 936 2598 1017 leges
2616 982 2632 1009 ,
2663 936 2888 1017 quibus
2911 956 2983 999 ea
3008 935 3375 999 consuetudo
3502 933 3710 1008 tituta,

2160 1029 2258 1091 vel
2305 1030 2498 1092 malus
2534 1050 2678 1092 usus
2720 1030 2993 1093 sublatus
3034 1050 3423 1113 repressaque
3462 1028 3714 1092 audacia

2160 1125 2672 1204 praetermittendi
2693 1146 2911 1188 nomen
2938 1127 3190 1189 Romani
3215 1124 3541 1188 Pontificis.
3562 1124 3713 1185 Con-

2158 1217 2366 1280 cilium
2417 1218 2681 1283 Valense
2723 1240 2866 1281 ann.
2918 1225 3054 1282 529.
3105 1240 3238 1284 can.
3282 1224 3341 1281 4.
3390 1217 3600 1281 statuit
3643 1217 3710 1278 in

2160 1312 2325 1374 hunc
2356 1313 2601 1375 modum
2626 1335 2641 1374 t
2674 1314 2853 1376 Nobis
2873 1316 3096 1393 justum
3124 1318 3306 1376 visum
3335 1325 3413 1376 est
3439 1362 3455 1385 ,
3498 1324 3564 1373 ue
3607 1332 3711 1373 uo·-

2158 1427 2285 1466 meu
2310 1407 2542 1467 Deretini
2567 1407 2764 1490 Papae
2787 1458 2803 1480 ,
2832 1413 3167 1489 quicumque
3194 1409 3543 1491 Apostolicae'
3571 1406 3713 1468 Sedi

2151 1502 2501 1583 praefuerit,
2529 1503 2594 1564 in
2622 1506 2825 1564 nostris
2846 1506 3115 1566 Ecclesiis
3145 1507 3431 1566 recitetur.
3455 1504 3533 1565 Et
3558 1522 3710 1584 pau-

2156 1594 2242 1657 cis
2271 1605 2404 1675 post
2443 1596 2619 1658 annis
2648 1598 2708 1659 S.
2745 1597 3023 1681 Pelagius
3058 1598 3222 1679 Papa
3247 1643 3264 1672 ,
3310 1605 3506 1678 utaest
3547 1596 3723 1680 apud-

2158 1691 2548 1772 Agobardum
2578 1701 2721 1753 tom.
2753 1698 2812 1754 2.
2851 1712 2986 1775 pag.
3019 1698 3117 1755 49.
3166 1692 3708 1772 Episcoposxsstru-

2157 1783 2288 1846 riae
2317 1785 2690 1867 increpavit,
2723 1786 2887 1866 quod
2930 1788 3061 1867 ejus
3101 1804 3320 1847 nomen
3357 1785 3422 1846 in
3467 1784 3712 1847 canons

2158 1878 2703 1957 praetermiserint:
2740 1877 3027 1954 Quomodo
3054 1900 3145 1940 vos
3171 1881 3243 1941 ab
3271 1880 3548 1939 universis
3589 1875 3706 1938 Or-

2157 1973 2240 2033 bis
2270 1978 2649 2036 commuuione
2677 1985 2958 2055 separatos
2982 1995 3088 2036 esse
3109 1994 3223 2035 uon
3246 1974 3471 2035 creditis
3489 2021 3505 2044 ,
3527 1974 3581 2033 si
3598 1974 3711 2034 mei

2156 2068 2309 2128 iuter
2328 2088 2491 2131 sacra
2513 2072 2783 2150 mysteria
2806 2070 3107 2138 seeundum
3128 2067 3577 2130 eoumtudiuem
3603 2085 3709 2142 aa·

2155 2162 2327 2222 minis
2357 2166 2683 2225 memoriam
2710 2166 2992 2225 reticetis?
3019 2165 3098 2224 Et
3121 2160 3435 2227 Ennodius
3459 2157 3710 2239 Pupien-

2155 2254 2238 2317 sis
2268 2256 2332 2317 in
2363 2257 2655 2342 Apologia
2682 2275 2793 2342 pro
2822 2258 3066 2343 Synodo
3094 2257 3235 2318 inde
3272 2256 3487 2336 probat
3530 2254 3708 2337 Sym·

2157 2353 2440 2415 maehum
2455 2373 2667 2416 verum
2688 2353 3167 2437 legitimumque,
3196 2348 3590 2413 Laurentium
3609 2366 3710 2411 ve-

2155 2466 2227 2509 ro
2247 2447 2520 2529 spurium
2542 2468 2669 2511 esse
2691 2446 3064 2521 Pontificem,
3088 2446 3252 2528 quod
3272 2446 3507 2526 semper
3528 2444 3707 2527 Sym-

2157 2543 2357 2605 machi
2383 2563 2600 2606 nomen
2629 2543 2943 2606 recitatum
2974 2542 3157 2605 fuerit
3187 2541 3252 2601 in
3283 2539 3545 2603 Canone.
3704 2560 3709 2566 ·

2276 2640 2334 2697 4.
2365 2638 2435 2698 In
2458 2637 2666 2699 eadem
2689 2636 2886 2718 prima
2903 2635 3193 2699 Oratione
3207 2634 3430 2696 mentio
3443 2625 3707 2695 fitetiatn
3748 2659 3819 2724 ng
3830 2657 4036 2726 μή...

2154 2730 2433 2812 Episcopi
2476 2733 2653 2814 juxta
2702 2738 3082 2812 praeceptum
3138 2727 3404 2811 Apostoli
3452 2725 3531 2789 ad
3576 2725 3702 2787 He-
3740 2712 4036 2832 2⁸:¹⁸⁸?-

2156 2825 2369 2887 bracos
2403 2830 2503 2887 13:
2530 2826 2637 2907 qui
2669 2826 2968 2888 orandum
2992 2824 3080 2887 ait
3105 2842 3217 2907 pro
3238 2820 3565 2904 Episcopist
3587 2820 3709 2902 Ipsi

2149 2922 2496 3000 perciqilaut
2524 2969 2539 2992 ,
2574 2924 2740 3000 quasi
2765 2922 3040 2982 rationem
3058 2939 3165 2999 pro
3193 2918 3491 2980 animabus
3509 2917 3705 2977 vestris

2152 3014 2459 3074 reddituri.
2496 3015 2569 3075 In
2589 3014 2892 3077 Orientali
2919 3013 3185 3076 Ecclesia
3222 3011 3543 3093 Presbyter
3569 3016 3706 3072 orat

2156 3127 2267 3188 pro
2304 3109 2597 3191 Episcopo
2618 3156 2634 3184 ‚
2681 3110 3009 3191 Episcopus
3049 3127 3159 3190 pro
3203 3104 3661 3187 Archiepiscopo
3682 3147 3701 3179 ,

2155 3204 2650 3286 Arcbiepiscopus
2688 3223 2798 3285 pro
2838 3204 3188 3267 Patriarcha
3215 3249 3232 3277 ,
3281 3211 3349 3264 ut
3377 3200 3582 3262 videre
3618 3206 3709 3262 est

2152 3299 2313 3379 apud
2333 3299 2510 3361 Card.
2532 3301 2695 3361 Bona
2713 3298 2820 3361 lib.
2850 3305 2914 3360 2.·
2939 3300 3165 3360 Rerum
3191 3295 3548 3378 Liturgicar.
3567 3313 3698 3375 cap.

2155 3397 2253 3453 11.
2290 3412 2459 3454 num.
2498 3399 2557 3454 3.
2591 3394 2660 3454 In
2706 3392 2969 3455 Ecclesia
2997 3389 3376 3453 ‘Occidentali
3416 3387 3703 3451 Sacerdos

2149 3495 2285 3549 orat
2312 3506 2424 3568 pro
2453 3486 2746 3568 Episcopo
2770 3508 2788 3560 ς
2819 3487 2870 3548 si
2900 3505 3045 3548 vero
3073 3485 3402 3566 Episcopus
3440 3481 3539 3545 vel
3582 3482 3714 3543 Ar-·

2145 3581 2554 3663 chiepiscopus
2582 3581 2826 3645 Missam
2851 3579 3145 3652 celebrat,
3177 3598 3288 3660 pro
3316 3597 3379 3641 se
3409 3578 3535 3658 ipse
3563 3576 3699 3638 orat

2147 3677 2351 3740 dicens
2376 3723 2393 3751 ,
2419 3677 2504 3738 Et
2526 3697 2610 3737 me
2632 3677 2867 3756 indique
2887 3695 3041 3736 servo
3085 3685 3181 3735 tuo
3202 3696 3224 3744 ‚·
3256 3673 3442 3754 idque
3470 3671 3702 3734 faciunt

2143 3770 2328 3833 etiam
2352 3770 2729 3844 Cardinales,
2754 3770 2892 3832 licet
2918 3789 3038 3831 non
3070 3769 3192 3831 sint
3209 3766 3486 3849 Episcopi
3504 3812 3521 3842 ,
3555 3785 3697 3847 pro-

2146 3874 2281 3948 pter
2300 3865 2716 3931 excellentiam
2744 3864 3072 3947 dignitatis.
3112 3867 3336 3926 Romae
3354 3862 3700 3925 Sacerdotes

2143 3958 2432 4022 omittunt
2452 3960 2536 4021 Ee
2562 3959 2833 4020 Antistite
2853 3970 3077 4028 nostro,-
3110 3958 3273 4039 Papa
3297 3956 3460 4019 enim
3480 4003 3497 4030 ,
3525 3957 3697 4038 cujus
3917 4013 3929 4024 ‚

2146 4055 2512 4117 mentionem
2541 4054 2769 4116 faciunt
2793 4100 2810 4128 ,
2844 4061 2934 4116 est
2965 4053 3145 4115 Urbis
3171 4052 3551 4116 ordinarius.
3577 4053 3693 4113 Re-
3733 4009 4026 4140 &offam

2144 4148 2461 4232 gularibus
2485 4149 2739 4211 vetitum
2767 4156 2857 4210 est
2879 4194 2897 4223 ,
2931 4169 3008 4210 ne
3036 4167 3149 4231 pro
3177 4147 3469 4229 Episcopo
3506 4145 3695 4227 Supe-
3735 4134 4025 4230 ζΞῶἽ,

2145 4244 2370 4305 riorem
2398 4259 2576 4305 suum
2606 4242 2961 4303 Generalem
2988 4289 3005 4313 ,
3040 4250 3101 4301 et
3129 4241 3303 4301 Clero
3332 4260 3411 4302 ne
3452 4238 3694 4301 Praela-
3736 4242 3998 4343 gesuri·

2142 4344 2273 4398 tum
2319 4336 2628 4398 nominent
2674 4339 2784 4395 sibi
2834 4339 3233 4415 praepositum
3265 4381 3277 4405 ,
3337 4333 3472 4395 licet
3518 4331 3692 4414 quasi
3919 4313 3967 4344 ι

2140 4431 2545 4513 Episcopalem
2570 4431 3045 4514 jurisdictionem
3077 4439 3133 4490 et
3181 4427 3550 4490 territorium
3579 4427 3690 4489 ha-

2140 4527 2280 4588 beut
2299 4533 2658 4606 sepa-ratum.
2700 4528 2826 4584 Non
2850 4526 2983 4584 licet
3017 4526 3370 4604 Presbytero
3396 4521 3460 4582 in
3489 4520 3690 4584 aliena

2137 4597 2403 4682 Dioecesi
2432 4619 2675 4681 Missam
2696 4620 3021 4681 celebranti
3036 4616 3322 4697 ,Episcopi
3342 4614 3436 4677 sui
3460 4628 3680 4676 nomen

2140 4712 2205 4774 in
2235 4713 2434 4776 locum
2460 4713 2735 4795 Episcopi
2766 4711 2931 4773 illius
2959 4709 3256 4773 Dioecesis
3280 4756 3297 4784 ,
3332 4710 3395 4771 in
3426 4728 3548 4791 qua
3589 4727 3687 4771 ce-

2140 4807 2367 4881 lebrat,
2397 4809 2788 4880 substituere,
2827 4814 2896 4867 ut
2920 4806 3128 4868 videre
3156 4814 3248 4868 est
3275 4805 3437 4886 apud
3464 4805 3693 4887 Pouget

2140 4910 2286 4963 tom.
2324 4907 2383 4962 2.
2417 4900 2610 4962 Instit.
2643 4898 3000 4961 Catholicar.
3034 4919 3169 4981 pag.
3218 4905 3357 4961 852.
3391 4906 3454 4961 et
3491 4898 3691 4960 Mera-

2140 5001 2273 5056 tum
2300 5002 2443 5055 tom.
2482 4998 2534 5053 1.
2569 5012 2699 5074 par.
2741 4997 2793 5053 1.
2824 5012 2970 5076 pag.
3012 4997 3151 5054 538.

2260 5093 2319 5149 5.
2344 5081 2437 5166 'in
2482 5087 2848 5170 quibusdam
2888 5086 3034 5148 locis
3069 5088 3248 5170 juxta
3290 5082 3693 5167 Apostolicam
3732 5069 4023 5185 &dmg

2139 5180 2549 5243 Traditionem
2578 5191 2787 5243 oratur
2812 5199 2925 5263 pro
2958 5183 3152 5264 Rege;
3183 5180 3392 5243 scribit
3416 5178 3581 5241 enim
3610 5178 3683 5238 D.
3730 5187 3765 5226 ¹¹
3869 5195 3920 5228 es
3948 5197 3999 5227 v·

2139 5274 2364 5336 Paulus
2392 5279 2447 5335 1.
2480 5275 2557 5337 ad
2586 5274 2968 5359 Timotheum
2993 5294 3123 5356 cap.
3152 5280 3211 5335 2.
3239 5274 3539 5337 orationes
3566 5289 3694 5332 esse
3731 5249 3882 5344 ἓξ...

2136 5367 2439 5430 faciendas
2465 5387 2576 5448 pro
2606 5369 2869 5451 Regibus
2893 5414 2912 5442 ,
2943 5377 3005 5431 et
3027 5369 3309 5431 omnibus
3337 5366 3443 5449 qui
3478 5365 3562 5426 in.
3588 5383 3690 5425 su-

3939 5242 4021 5284 1⁵·-

155 5447 368 5493 vomas.
395 5450 441 5494 ἰ·-
481 5478 623 5522 mm
659 5479 784 5524 ω
805 5461 872 5526 in
899 5462 1144 5527 canone
1175 5462 1630 5526 restituendum.
1669 5462 1847 5538 Quod
1883 5477 2029 5524 vero
2135 5461 2434 5565 blimilate
2457 5471 2631 5536 sunt,
2651 5461 2884 5525 etiamsi
2916 5461 3188 5524 infideles
3211 5459 3694 5561 sint‚2cuju⁸m0-

157 5508 337 5549 esuum.
