4487 6316
993 477 1093 527 ¹⁰2

483 648 550 685 m
593 652 637 682 a
671 651 764 681 m·
798 636 905 699 por
930 637 1100 712 quam
1123 620 1499 696 testimoninm
1522 628 1886 698 consequutus
1907 629 1981 678 eat
2005 638 2110 679 esse
2123 619 2338 696 justus,
2364 687 2371 694 ,

480 710 577 740 ·“·
658 693 762 738 ⁴¹³¹
803 713 1176 772 testimonium
1209 715 1524 792 perhibente
1565 715 1882 774 muneribus
1919 713 2035 789 ejus
2079 712 2236 781 Dm,
2287 723 2337 770 a

479 764 543 799 ‘¹‘
798 806 1106 888 forsetam
1155 809 1444 884 aeranem
1485 810 1669 868 mum
1716 809 1984 885 coquum.
2034 805 2341 867 Abraham

804 898 1229 966 aedificavitin
1260 902 1496 963 Sichem
1527 903 1730 964 Altare
1759 904 1880 965 Deo
1904 948 1920 974 ,
1954 901 2062 982 qui
2089 901 2204 963 sibi
2232 921 2342 980 ap-

802 1002 1125 1075 paruerat,
1161 1003 1226 1056 ut
1259 1004 1348 1057 ost
1370 997 1430 1055 in
1449 1016 1581 1077 cap.
1623 1003 1713 1057 12.
1738 997 1951 1057 Genes.
1989 1004 2049 1057 et
2078 1015 2206 1075 cap.
2239 1000 2337 1055 22.

803 1098 874 1152 ut
904 1089 1182 1151 mandato
1217 1090 1322 1150 Dei
1353 1102 1607 1170 pareret,
1638 1090 1799 1171 ligna
1826 1090 2107 1170 imposuit
2127 1089 2204 1150 ad
2225 1089 2345 1149 Ho-

802 1179 1133 1243 locaustum
1165 1183 1364 1243 Isaaco
1400 1183 1615 1244 dilecto
1637 1183 1765 1245 filio
1798 1202 1938 1256 suo,
1962 1202 2142 1262 quem
2167 1203 2343 1262 para-

800 1282 898 1337 tus
925 1284 1060 1340 erat
1093 1285 1371 1348 mactare,
1409 1278 1519 1338 nisi
1546 1277 1599 1338 ei
1629 1277 1875 1351 dixisset
1897 1275 2181 1356 Angelus:
2209 1275 2343 1358 Non

799 1371 1067 1436 extendas
1089 1391 1317 1432 manum
1337 1382 1492 1432 tuam
1515 1391 1690 1452 supra
1706 1391 2147 1451 puerummeque
2165 1371 2343 1448 faciae

798 1465 897 1524 illi
916 1465 1244 1542 quidquam.
1277 1463 1447 1524 Nunc
1472 1470 1696 1543 coqnovi
1715 1468 1863 1544 >quia
1894 1467 2048 1526 times
2069 1464 2270 1534 Deum,
2294 1475 2345 1524 et

797 1576 912 1618 non
934 1560 1226 1637 pepercisti
1261 1561 1548 1634 uniqenitc
1587 1560 1708 1640 filio
1731 1571 1825 1618 mo
1845 1569 2069 1638 propter
2094 1578 2198 1617 me.
2230 1559 2345 1618 De-

796 1652 992 1731 nique
1013 1649 1444 1713 Melchisedech
1475 1653 1818 1714 Abrahamo
1845 1651 2110 1713 occurrit·
2131 1673 2164 1712 e
2190 1670 2344 1732 qua·

799 1753 939 1809 tuor
987 1748 1216 1826 Regum
1259 1747 1437 1808 caede
1467 1747 1780 1822 redeunti,
1826 1737 2003 1828 eique
2031 1746 2345 1807 victoriam

798 1838 1155 1921 gratulatus,
1186 1858 1400 1918 panem
1427 1848 1488 1902 et
1515 1841 1724 1901 vinum
1749 1839 1968 1901 obtulit
1999 1840 2124 1899 Deo
2153 1839 2213 1899 in
2236 1839 2344 1900 Sa-

798 1930 1091 1994 crificium
1121 1978 1137 2004 ,
1168 1940 1235 1993 ut
1259 1941 1347 1994 est
1371 1933 1434 1993 in
1462 1953 1590 2013 cap.
1630 1938 1722 1994 14.
1756 1933 2080 1994 Geneseos:
2113 1932 2191 1991 Ae
2220 1953 2345 1992 vero

793 2023 1197 2092 Melchisedech
1226 2027 1355 2086 Reoe
1381 2025 1574 2087 Salem
1599 2029 1881 2106 proferens
1903 2045 2104 2107 panem
2131 2075 2145 2096 ‚
2177 2033 2228 2086 et
2257 2026 2344 2084 vi-

800 2138 941 2180 num
983 2122 1142 2194 (erat
1170 2123 1316 2180 enim
1343 2119 1613 2181 Sacerdos
1644 2121 1749 2181 Dei
1779 2121 2096 2197 Altinimi)
2124 2123 2344 2182 benedi-

798 2216 895 2276 oet’t
913 2216 976 2274 ‘ei
998 2261 1015 2285 ,
1046 2226 1096 2274 et
1117 2217 1202 2275 ait
1229 2263 1243 2286 ,
1270 2215 1600 2276 Benedictus
1621 2216 1914 2278 ,Abraham
1952 2216 2306 2283 Deoeexcelso
2325 2264 2340 2287 ,

798 2311 901 2389 qui
924 2312 1134 2370 creavit
1170 2308 1400 2370 Caelum
1428 2322 1477 2371 et
1503 2310 1734 2371 Terram
1752 2359 1769 2382 ,
1798 2323 1847 2372 et
1878 2310 2207 2371 Benedictus
2232 2310 2343 2370 De-

796 2421 865 2463 us
906 2405 1151 2463 excelsus
1178 2451 1193 2473 ,
1227 2424 1336 2481 quo
1371 2397 1681 2483 proteqeme
1710 2453 1725 2474 ,
1771 2406 1943 2464 hostes
1988 2406 2050 2487 {n
2085 2405 2345 2470 manibus

796 2497 1067 2555 tuis-sunt
1088 2516 1108 2554 :
1137 2507 1190 2556 el
1221 2497 1368 2556 dedit
1400 2500 1454 2557 ei
1489 2499 1725 2558 decimas
1760 2517 1834 2558 ex
1855 2487 2128 2562 clunibus.
2161 2498 2238 2557 Et
2264 2498 2343 2556 E-

797 2586 935 2666 pist.
969 2588 1042 2650 ad
1076 2588 1379 2650 Hebraeos
1409 2609 1539 2668 cap.
1575 2595 1634 2650 7.
1684 2581 1961 2651 subditur
1983 2633 1999 2649 .
2041 2588 2162 2649 Hic
2197 2591 2346 2649 em‘m

801 2678 1203 2741 Melchisedech
1223 2683 1351 2742 Rex
1374 2681 1568 2743 Salem
1587 2682 1857 2743 Sacerdos
1877 2683 1985 2742 Dei
1999 2673 2223 2753 summi,
2246 2684 2348 2760 qui
2384 2713 2387 2722 ·

801 2776 1042 2834 obt-iavit
1062 2774 1322 2835 Abrahae
1354 2796 1568 2836 reverso
1599 2797 1636 2836 α
1665 2778 1825 2837 caede
1847 2777 2083 2855 Requm,
2107 2787 2155 2835 et
2184 2778 2344 2842 benef·

799 2867 959 2928 dnh-it
978 2870 1051 2927 ei:
1082 2870 1177 2928 cui
1202 2880 1251 2928 et
1282 2871 1520 2930 decimas
1537 2873 1786 2929 omnium
1805 2859 2005 2929 dii-isit
2029 2869 2343 2929 Abraham:

797 2963 1048 3041 primum
1089 2962 1311 3040 quidem
1335 2965 1437 3040 qui
1460 2966 1865 3042 interpretatur
1891 2965 2018 3023 Reoe
2037 2965 2298 3039 justitiae
2322 2983 2344 3023 .·

805 3054 999 3113 deinde
1024 3065 1210 3116 autem
1242 3065 1292 3115 et
1318 3056 1445 3114 Reoe
1471 3055 1665 3115 Salem
1689 3104 1703 3126 ,
1735 3057 1881 3133 quod
1907 3068 1982 3116 est
2019 3055 2145 3116 Rex
2169 3059 2342 3136 pacis.

551 3167 767 3210 ιιιιὶοωι·
928 3152 1021 3209 12.
1075 3147 1514 3211 Sacrificiorum
1566 3149 1809 3224 Abelis,
1851 3149 2178 3217 Abrahami
2207 3196 2225 3223 ,
2291 3158 2351 3212 et

475 3225 679 3324 ἓξὲξ,
720 3236 768 3266 ⁸⁸
808 3242 1239 3306 Melchisedech
1291 3244 1670 3324 praecipuam
1719 3242 1782 3305 in
1830 3244 2069 3305 Canone
2098 3245 2349 3307 mentio-

477 3351 771 3452 πῃ-
811 3356 950 3396 nem
979 3335 1119 3399 facit
1145 3336 1442 3415 Ecclesia,
1473 3337 1750 3417 quamvis
1774 3347 1833 3398 et
1859 3338 1977 3399 alia
2018 3338 2234 3398 veteris
2262 3337 2346 3399 le-

478 3459 548 3493 nm
568 3465 773 3508 ,quomo-
813 3429 904 3510 gis
928 3428 1230 3492 Sacrificia
1260 3449 1448 3491 novae
1474 3430 1623 3511 legis
1653 3430 2028 3495 Sacrificium
2057 3430 2352 3509 exprime-

478 3510 776 3623 ssodqssss'fflj
813 3531 970 3585 rent.
1015 3523 1225 3584 Pulcre
1250 3543 1392 3589 sane
1437 3534 1705 3586 nostrum
1735 3522 2103 3585 Sacrificium
2149 3523 2352 3586 Abelis

479 3636 574 3691 ’μω
607 3619 766 3664 swfi·
807 3616 1098 3683 sacrificio
1150 3626 1646 3696 repraesentatur.
1708 3619 1861 3679 Nam
1909 3618 2181 3679 Christus
2225 3638 2350 3679 sese

479 3694 589 3791 {2:3³
605 3693 768 3801 ,ζζζῖ
806 3708 1066 3797 obtulit,
1099 3717 1403 3789 tamquam
1426 3711 1888 3791 primogenitum
1917 3731 2022 3791 per
2050 3710 2347 3771 excellen-

478 3801 710 3837 “¹¹“'“'¹·
808 3805 952 3873 tiam
983 3824 996 3863 ε
1029 3804 1456 3882 Primoqenitus,
1485 3809 1548 3865 in
1569 3809 1775 3877 *multis
1810 3807 2083 3885 [ratribus
2109 3853 2124 3875 ‚
2164 3813 2232 3866 ut
2259 3805 2349 3866 ait

807 3897 1126 3979 Apostolus
1152 3899 1226 3959 ad
1271 3901 1565 3960 Romanos
1591 3920 1719 3979 cap.
1757 3906 1815 3960 8.
1853 3900 2164 3960 Praeterea
2213 3919 2347 3960 san-

803 3992 938 4075 gnis
980 3991 1126 4053 Abel
1166 3984 1345 4074 justi,
1379 3994 1710 4055 innocentis
1735 4039 1750 4065 ,
1781 4014 1817 4056 a
1845 3994 2032 4055 fratre
2074 3993 2220 4054 Cain
2251 3993 2345 4052 in-

805 4085 1036 4148 terfecti
1073 4086 1375 4147 Christum
1404 4088 1605 4147 Jesnm
1634 4108 1668 4148 a
1696 4088 1948 4155 ludaeis
1975 4096 2249 4153 necatum
2276 4106 2346 4147 ac

804 4200 918 4261 pro
965 4179 1229 4259 peccatis
1276 4180 1492 4242 nostris
1550 4191 1853 4242 mortuum
1888 4177 2336 4261 repraesentat.

809 4276 959 4335 Item
994 4273 1365 4335 Sacrificium
1393 4285 1660 4337 nostrum
1685 4270 2044 4355 exprimitur
2067 4273 2347 4335 Abrahae

807 4366 1098 4429 sacrificio
1124 4412 1140 4440 ,
1176 4367 1238 4428 in
1264 4387 1387 4448 quo
1435 4371 1597 4430 Isaac
1637 4368 1981 4431 immolatus
2004 4413 2019 4440 ‚
2052 4368 2203 4446 quin
2227 4388 2232 4393 ·
2253 4366 2345 4426 vi-

808 4467 932 4522 tam
983 4461 1319 4533 amitteret,
1353 4462 1547 4543 figura
1593 4463 1709 4524 fuit
1742 4463 1881 4522 Jesu
1924 4460 2185 4532 Christi,
2238 4459 2345 4539 qui

807 4560 1082 4613 mortuus
1105 4562 1193 4614 est
1226 4546 1293 4614 ut
1321 4563 1654 4636 resurgeret
1678 4599 1694 4627 ,
1724 4564 1784 4615 et
1812 4554 1889 4614 ad
1918 4572 2136 4614 novam
2163 4553 2349 4614 vitam

808 4642 1075 4718 redi'ret3
1124 4655 1304 4725 atque
1346 4648 1499 4709 illud
1541 4634 1731 4709 etiam
1762 4647 2104 4708 existimare
2144 4642 2350 4726 possu-

813 4757 949 4798 mus
973 4784 990 4812 ,
1024 4740 1328 4817 Abraham
1362 4726 1631 4803 noslrum
1660 4741 1771 4802 hoc
1800 4740 2148 4823 mysterium
2179 4760 2351 4820 prae-

814 4851 950 4893 sens
968 4826 1171 4901 animo
1199 4845 1338 4898 tunc
1364 4836 1661 4898 habuisse.
1689 4837 1838 4898 Nam
1861 4836 1934 4896 de
1970 4854 2040 4895 eo
2080 4834 2351 4895 Christus

812 4926 982 4989 Joeus
1009 4927 1163 4989 dixit
1188 4931 1402 4991 Joann.
1438 4950 1565 5010 cap.
1594 4937 1651 5014 8.
1688 4931 1979 4990 Abraham
2018 4929 2160 4988 vidie
2207 4928 2352 4986 diem

812 5016 997 5080 meum
1021 5069 1036 5092 ,
1065 5024 1206 5081 vidit
1237 5071 1252 5092 ,
1295 5035 1346 5083 et
1390 5027 1614 5103 gavisus
1648 5036 1743 5084 est.
1794 5023 2066 5102 Denique
2108 5020 2349 5081 Sacrifi-

1779 475 1866 527 DE
1903 471 2381 528 sscnosmcro
2419 471 2633 525 1118ἲῶ
2671 471 3046 525 sActutho

2445 615 2641 698 figura
2667 622 2781 688 ,.ut
2827 614 2988 677 int'ra
3015 614 3299 677 dicemus.
3337 614 3401 677 S.
3450 615 3878 681 Bonaventura
3928 618 3995 681 in

2447 710 2698 790 exposit.
2728 710 2941 780 Missae
2962 709 3023 770 in
3048 709 3393 797 Abrabamo
3416 717 3693 788 paratum
3718 711 3991 773 animum

2445 802 2808 874 considerat,
2838 821 2960 881 quo
2988 802 3293 863 Abraham
3324 801 3529 862 filium.
3549 800 3993 866 sacrificaturus

2447 904 2618 969 erat,
2656 895 3242 962 velutiobedientiae
3272 895 3437 956 illius
3462 896 3835 977 symbolum,
3870 916 3993 977 qua

2446 990 2717 1051 Christus
2745 992 2866 1051 Deo
2896 987 3054 1050 Patr-i
3079 989 3363 1050 obediens
3386 988 3712 1071 suitusqne
3737 992 3815 1053 ad
3842 1011 3998 1056 mor-

2450 1091 2567 1144 tem
2594 1104 2608 1143 :
2659 1083 2729 1143 In
2757 1085 2855 1144 hoc
2885 1085 2998 1143 loco
3029 1094 3138 1144 tres
3182 1082 3386 1145 Sancti
3416 1087 3608 1144 ceteris
3664 1085 3715 1145 T
3709 1090 3997 1150 eumaem·

2450 1179 2819 1238 nominantur
2846 1225 2860 1246 ,
2891 1177 3030 1237 Abel
3056 1226 3071 1247 ‚
3103 1180 3416 1248 Abraham,
3446 1178 3872 1252 Melchisedech,
3892 1184 3996 1258 qui

2448 1272 2692 1351 fiquram
2725 1271 3006 1332 Passionis
3054 1270 3272 1332 Christi
3296 1320 3311 1341 ,
3344 1275 3510 1331 immo
3535 1284 3584 1331 et
3623 1273 3837 1334 Coenae
3880 1277 3999 1353 ejus

2451 1364 2851 1440 Sanctissimae
2892 1369 3117 1445 proprie
3165 1378 3616 1446 repraesentant,
3661 1367 3801 1428 Abel
3851 1351 4000 1432 enim

2450 1460 2649 1518 obtulit
2679 1480 2913 1520 munera
2934 1461 2999 1520 de
3022 1462 3409 1539 prinmqenieis
3435 1481 3662 1539 qrequm
3682 1483 3704 1530 ,·
3737 1473 3785 1521 et
3823 1461 3997 1522 Chri-

2447 1563 2565 1611 stus
2608 1556 3050 1635 primoqeniwm
3109 1555 3311 1618 obtulit
3359 1556 3422 1613 in
3478 1557 3670 1614 multis
3724 1557 4000 1634 [ratribus

2449 1666 2659 1723 aquam
2689 1648 3115 1708 intumulatum
3138 1647 3252 1706 Deo
3278 1646 3468 1716 Patri,
3498 1649 3562 1707 de
3588 1668 3697 1725 quc
3725 1648 3886 1725 Aqno
3905 1649 3998 1709 di-

2450 1742 2541 1798 xi!
2569 1738 2813 1800 loannes
2840 1740 3107 1822 ¹Baptista
3129 1760 3148 1799 :
3178 1741 3322 1804 Ecce
3356 1741 3552 1822 Aqmu
3580 1741 3687 1801 Dei
3712 1750 3824 1802 etc.
3857 1741 3998 1802 Item

2451 1833 2589 1892 Abel
2627 1855 2664 1894 α
2704 1835 2882 1912 fratre
2921 1855 3021 1894 suc
3072 1834 3219 1895 Cain
3256 1837 3572 1895 innocenter
3599 1838 3917 1905 occulitur:
3946 1848 3998 1898 et

2456 1925 2713 1988 Clarium
2735 1948 2771 1989 a
2793 1929 3070 2006 [ratribus
3095 1932 3213 1989 suis
3234 1923 3470 1991 ,1υάαεῦ
3496 1932 3880 1991 scilicetmalis
3900 1952 3999 2010 pe·

2450 2023 2683 2081 rimitur
2706 2032 2757 2082 et
2784 2019 3035 2098 meatur.
3071 2022 3363 2084 Abraham
3386 2024 3618 2083 obedit-u
3640 2023 3763 2092 ,Deo
3788 2026 3863 2085 (ul
3890 2027 3998 2084 im-

2452 2117 2774 2174 molandum
2815 2117 3001 2197 filium
3025 2136 3044 2176 :
3097 2116 3356 2177 Christus
3403 2118 3584 2195 fat-lnce
3630 2130 3706 2178 est
3750 2120 3998 2180 obedien·

2427 2208 2624 2284 ‘Patri
2652 2230 2821 2287 usque
2848 2211 2923 2271 ad
2952 2223 3177 2274 mortem
3202 2259 3216 2280 ‚
3247 2224 3296 2271 el
3320 2215 3382 2271 in
3412 2232 3609 2272 'nanus
3643 2212 3835 2297 Patris
3877 2225 3998 2274 tra-

2450 2304 2595 2362 didit
2621 2306 2905 2383 spiritum.
2942 2304 3339 2384 Melchisedech
3367 2307 3567 2364 obtulit
3599 2326 3798 2383 panem
3820 2318 3881 2367 et
3912 2308 3998 2365 ci-

2452 2418 2585 2456 mam
2609 2419 2629 2463 ,·
2653 2409 2773 2459 erat
2807 2401 2956 2458 enim
2983 2398 3253 2461 Sacerdos
3277 2401 3384 2460 Dea·
3411 2400 3728 2471 Altiseimi:
3757 2413 3807 2462 et
3829 2400 4002 2463 Chr-n·-

2448 2502 2565 2550 stus
2595 2494 2657 2550 in
2678 2491 2875 2568 Allari
2904 2495 3006 2554 sub
3034 2497 3204 2572 specie
3240 2497 3410 2574 panis
3442 2506 3492 2555 et
3526 2497 3649 2554 vini
3691 2494 3908 2575 Corpus
3947 2507 4001 2556 et

2454 2581 2802 2661 Sanquinem
2842 2605 3008 2644 mum
3055 2585 3211 2666 offert
3266 2586 3380 2645 Deo
3432 2586 3602 2647 Patri
3646 2607 3753 2667 pro
3800 2590 3954 2648 nobie
3979 2634 3997 2658 ,

2451 2679 2633 2757 ipsum
2671 2678 2826 2758 nobie
2852 2726 2866 2746 ,
2902 2680 3224 2759 pacificans.
3408 2755 3413 2766 ι
3490 2743 3493 2748 ,

2572 2775 2664 2830 13.
2698 2770 2883 2831 Paulo
2905 2781 3043 2832 ante
3065 2772 3326 2832 diximus
3347 2771 3789 2832 Sacrificiorum
3818 2771 3991 2844 Abel,

2452 2863 2757 2925 Abraham
2785 2910 2801 2936 ,
2829 2873 2889 2925 et
2917 2864 3345 2926 Melchisedech
3377 2865 3505 2926 fieri
3542 2866 3903 2927 mentionem
3933 2866 3994 2926 in

2452 2957 2693 3018 Canone
2719 3004 2735 3030 ,
2766 2959 2910 3037 quia
2954 2979 3229 3039 expresse
3262 2960 3547 3032 Divinum
3594 2960 3707 3021 hoc
3755 2959 3997 3021 Sacrifi-

2454 3051 2613 3114 cium
2644 3061 2923 3126 nostrum'
2944 3062 3409 3133 repraesentant,
3446 3053 3675 3115 tametsi
3699 3052 3818 3114 alia
3848 3072 4000 3132 quo-

2456 3166 2574 3226 que
2598 3147 2813 3209 veteris
2832 3146 2977 3225 legis
2998 3146 3288 3211 sacrificia
3310 3148 3489 3233 idem
3508 3157 3778 3210 nostrum
3806 3147 4002 3231 expri-

2458 3251 2624 3303 mant
2651 3242 3042 3325 Sacrificium.
3078 3244 3273 3323 Atque
3295 3242 3392 3303 hic
3424 3262 3573 3323 opus
3600 3252 3688 3303 est
3726 3242 4000 3302 animad-

2458 3345 2711 3407 vertere,
2742 3336 2938 3415 primo
2967 3337 3301 3397 naturalem
3332 3337 3624 3397 rationem
3652 3337 3876 3397 dictare
3898 3334 4002 3395 ho-'

2458 3428 2605 3488 mini
2633 3474 2649 3500 ,
2680 3428 3064 3489 sensibilibus
3090 3430 3452 3508 quibusdam
3479 3430 3657 3489 rebus
3689 3430 3773 3490 uti
3800 3476 3817 3502 ‚
3849 3448 4001 3510 quas

2458 3522 2582 3581 Deo
2608 3522 2819 3582 offerat
2868 3522 2929 3582 in
2965 3522 3200 3603 signum
3241 3522 3477 3583 debitae
3510 3524 3894 3604 subjectionis
3939 3531 3999 3584 et

2457 3615 2744 3685 honoris;
2787 3615 3039 3694 ideoque
3072 3616 3253 3677 etiam
3304 3624 3442 3676 ante
3486 3616 3674 3697 legem
3714 3618 3995 3698 scriptam

2455 3708 2756 3799 Sacrificia
2784 3709 2996 3781 fuisse,
3028 3728 3287 3789 quorum
3316 3720 3510 3769 tamen
3534 3711 3802 3770 nondum
3829 3721 4004 3772 erant

2453 3803 2622 3883 signa
2651 3802 3044 3862 determinata
3067 3847 3082 3874 ‚
3133 3810 3198 3861 ut
3224 3802 3390 3861 docet
3427 3802 3486 3862 S.
3520 3803 3777 3863 Thomas
3821 3809 3878 3862 2.
3930 3809 3990 3863 2.

2453 3915 2513 3976 q.
2551 3903 2647 3971 85.
2681 3904 2794 3955 art.
2838 3901 2889 3955 1.
2920 3894 3190 3955 Secundo
3217 3941 3232 3968 ‚
3269 3896 3386 3958 tria
3425 3894 3865 3958 Sacrificiorum
3893 3918 3995 3978 ge-

2452 4009 2597 4050 nera
2634 3988 2812 4050 fnisse
2841 3989 2902 4048 in
2953 3988 3080 4069 lege
3128 3990 3312 4050 veteri
3340 4005 3363 4063 ,·
3391 4010 3650 4071 qnorum
3696 3993 3992 4071 quaedam

2454 4082 2800 4143 Holocausta
2822 4108 2837 4153 ,
2869 4083 3165 4161 quaedam
3193 4083 3442 4165 Pacifica
3466 4132 3482 4154 ,
3511 4084 3804 4163 quaedam
3847 4085 3991 4151 Pro-

2446 4177 2770 4256 pitiatioria
2794 4221 2810 4246 ,
2839 4175 2966 4237 sive
2997 4177 3402 4256 utScriptura
3420 4176 3698 4257 loquitur
3722 4199 3827 4257 pro
3868 4199 3992 4257 pec-

2453 4281 2574 4330 calo
2602 4269 2957 4337 ,dicebantur
2979 4316 2996 4344 ,
3034 4279 3100 4330 ut
3128 4271 3331 4332 videre
3350 4281 3437 4332 est
3468 4272 3654 4332 Levit.
3689 4292 3818 4351 cap.
3855 4277 3906 4331 1.
3938 4282 3999 4335 et

2452 4383 2574 4442 seq.
2611 4372 2669 4423 et
2696 4364 2854 4442 apud
2886 4366 2955 4424 D.
2988 4364 3198 4425 Thom.
3242 4371 3293 4425 1.
3328 4371 3385 4424 2.
3415 4385 3475 4444 q.
3522 4371 3652 4426 102.
3682 4366 3886 4426 art.'3.
3919 4367 3998 4428 ad

2453 4444 2751 4517 octavum.
2782 4457 2982 4517 Tertio
3009 4504 3024 4530 ,
3058 4457 3350 4519 sacrificia
3382 4458 3527 4539 legis
3555 4458 3846 4519 Musaicae
3878 4468 3998 4521 tota

2456 4550 2520 4611 in
2574 4570 2644 4611 eo
2677 4549 2855 4613 fuisse
2892 4597 2909 4624 ,
2967 4560 3033 4612 ut
3081 4552 3291 4613 vivum
3334 4552 3557 4613 animal
3607 4553 3996 4625 caederetur,

2458 4646 2705 4725 ejusque
2728 4640 3137 4706 'effunderetur
3150 4646 3478 4726 sanguisad
3505 4646 3859 4726 placandum
3892 4650 4000 4710 De-

2456 4760 2559 4800 um
2586 4786 2601 4813 ,
2632 4740 2807 4819 eique
2836 4741 3102 4807 debitum
3127 4740 3413 4802 honorem
3449 4741 3859 4816 tribuendum
3892 4765 4002 4805 nec

2461 4842 2656 4909 tamen
2682 4834 3258 4914 quodlibetanimal,
3283 4835 3383 4895 sed
3406 4835 3557 4921 illud
3579 4845 3809 4897 tantum
3835 4838 3995 4917 quod

2462 4930 2753 5003 mundum
2781 4937 2932 4989 esset
2957 4975 2972 5002 ,
3005 4928 3154 4990 idest
3181 4928 3310 4990 ovis
3336 4974 3353 5001 ,
3388 4930 3495 4989 bos
3520 4974 3536 5002 ,
3572 4930 3822 5010 capella,
3853 4932 3997 4992 hoe-

2459 5023 2603 5095 dus,
2655 5022 2878 5083 vitulus
2902 5069 2917 5096 ,
2974 5023 3252 5084 columba
3274 5069 3291 5096 ,
3345 5044 3544 5103 passer
3569 5070 3585 5096 ,
3639 5034 3837 5086 turtur
3864 5070 3880 5096 ,
3935 5033 4002 5093 ut

813 5112 973 5173 cium
1022 5114 1505 5188 Melchisedechi,
1558 5112 1844 5180 Sacrificii
1904 5115 2090 5177 nostri
2157 5114 2356 5196 figura
2462 5110 2664 5177 videre
2694 5123 2779 5177 est
2810 5116 3000 5175 Levit.
3035 5136 3163 5194 cap.
3202 5120 3256 5175 1.
3292 5136 3352 5176 n.
3379 5122 3438 5176 2.
3478 5122 3568 5177 10.
3590 5126 3649 5178 et
3678 5122 3768 5177 ¹4.
3803 5138 3909 5177 nec
3929 5118 4003 5178 de

811 5203 967 5286 fnit,
997 5208 1402 5270 Sacerdotium
1430 5211 1594 5271 enim
1631 5208 2062 5273 Melchisedech
2086 5208 2352 5295 ejusdem
2465 5209 2537 5268 iis
2576 5208 2881 5288 loquimur
2920 5207 3226 5268 sacrificiis
3253 5254 3268 5281 ,
3302 5207 3361 5268 in
3411 5209 3634 5288 quibus
3673 5229 3767 5269 res
3810 5210 4004 5270 inani-

815 5299 1046 5364 t'ormae
1070 5301 1220 5373 fuit,
1261 5302 1431 5384 cujus
1469 5300 1874 5366 Sacerdotium
1904 5303 2126 5364 Christi
2152 5324 2168 5373 ς
2209 5322 2355 5363 uam
2464 5322 2558 5362 ma
2586 5348 2601 5373 ,
2643 5310 2704 5361 ut
2734 5301 2935 5381 paniS,
2969 5301 3164 5380 spicae
3189 5346 3206 5373 ,
3240 5302 3429 5363 secale
3449 5348 3466 5374 ‚
3504 5304 3714 5364 vinum
3739 5349 3755 5375 ,
3788 5303 3874 5379 sal
3902 5350 3917 5377 ,
3943 5313 4003 5365 et

813 5394 1028 5472 panem
1057 5394 1339 5457 etvinum
1370 5397 1609 5470 obtulit,
1642 5398 1812 5490 quode
1830 5405 1919 5458 est
1947 5395 2357 5457 Eucharistiae
2462 5395 2768 5459 incensum
2796 5395 3222 5471 otlereliantnr‚
3249 5405 3317 5456 ut
3344 5396 3549 5459 itidem
3572 5396 4000 5477 praescribitur

4040 2789 4146 2834 Ante

4035 2857 4227 2905 »eng-tam
4256 2866 4346 2892 uo-

4036 3994 4083 4036 ln
4101 3990 4189 4049 tngo
4209 4002 4340 4041 vet·-

4034 4054 4069 4093 ri
4087 4058 4163 4093 tm
4193 4054 4351 4098 snei·

4035 4106 4217 4151 “W
4262 4126 4348 4170 s·-

4034 4179 4149 4209 ωτι.
