4487 6316
1032 489 1136 538 376

848 630 1195 704 contractis,
1225 642 1354 693 tum
1373 637 1937 719 contrahendispro
1966 640 2097 701 foro
2124 641 2386 714 interno,

1822 499 1909 548 DE
1947 498 2430 552 saeuosANC'ro
2466 502 2681 554 MlSStE
2718 503 3095 556 sscmflcto

2495 643 2739 722 quidem
2769 666 2878 724 pro
2910 646 3306 708 ministrando
3331 647 3562 709 Viatico
3580 695 3597 721 ,
3620 651 3797 731 juxta
3828 650 4042 731 protn-

844 722 1157 783 commisso
1181 724 1501 802 adulterio,
1524 731 1625 790 sed
1649 743 1846 790 »neutro
1873 734 2253 802 machinante,-
2278 734 2390 795 Ve-
2496 737 2707 798 tiorem
2735 740 3082 818 opinionem
3098 786 3114 813 ‚
3148 761 3273 821 qua
3298 741 3372 804 de
3403 761 3469 803 re
3494 752 3694 804 actum
3717 755 3809 807 est
3839 746 3902 806 iu
3925 767 4035 808 no-

846 835 984 876 rum
1011 816 1061 878 si
1097 817 1592 898 impedimentum
1641 826 1873 887 otiatur
1926 847 2001 888 ex
2048 827 2345 890 adulterio
2368 875 2386 902 ,

843 920 1082 988 atroque
1106 914 1192 970 cel
1215 915 1399 973 attero
1426 917 1805 986 machinante:
1827 918 2023 998 sitque
2049 920 2347 982 occultum
2365 967 2383 994 ,

843 1001 1027 1065 habet
1074 1005 1322 1083 quidem
1366 1008 1561 1090 Major
1589 1010 2092 1091 poenitentiarius
2135 1014 2386 1076 faculta-

843 1105 960 1157 tem
993 1096 1400 1177 dispensandi,
1431 1122 1568 1162 raro
1596 1115 1801 1176 tamen,
1829 1114 1888 1166 et
1910 1127 2145 1186 semper
2169 1127 2278 1187 pro
2302 1107 2387 1169 fo-

839 1210 908 1251 ro
940 1201 1170 1253 tantum
1198 1193 1458 1269 interno,
1486 1196 1582 1257 his
1607 1218 1849 1280 quoque
1869 1203 2141 1274 servatis,
2169 1211 2229 1262 ut
2251 1223 2385 1284 gra·

837 1286 927 1345 vis
959 1298 1277 1350 concurrat
1317 1291 1661 1364 necessitas,
1707 1303 1812 1355 aut
1858 1315 2041 1375 grave
2072 1295 2385 1358 immineat

835 1380 1207 1459 periculum,
1255 1391 1314 1443 et
1362 1404 1500 1444 casu
1546 1385 1608 1445 in
1655 1386 1834 1465 plena
1864 1388 2337 1471 Congregatione
2361 1436 2379 1463 ,

832 1485 937 1536 aut
961 1475 1463 1539 Poenitentiariae
1485 1479 1794 1561 signatura
1825 1483 2144 1563 proposito.
2169 1483 2385 1546 Videa-

832 1577 929 1629 tur
947 1570 1306 1634 Constitutio
1332 1583 1533 1635 nostra
1549 1576 1761 1649 XCV„
1779 1577 1987 1639 Pastor
2010 1580 2181 1639 bonus
2203 1582 2373 1650 Tum.

831 1668 888 1725 1.
919 1664 1113 1725 nostri
1145 1663 1400 1728 Bullarii
1430 1661 1500 1748 §.⁴
1529 1673 1627 1729 44..

946 1759 1117 1820 XVI.
1169 1761 1473 1822 Hactenus
1500 1762 1564 1824 in
1617 1765 1881 1826 medium
1927 1766 2111 1828 allata
2137 1768 2380 1830 abunde

831 1864 1300 1916 commonstrant
1332 1876 1455 1916 non
1489 1866 1710 1919 temere
1743 1879 1852 1939 pro
1878 1861 2087 1942 tegula
2111 1871 2380 1928 statuen-

825 1947 973 2008 dum
992 1994 1008 2021 ‚
1055 1950 1218 2028 quod
1267 1951 1591 2030 prohibitis
1637 1955 1792 2034 Lege
1823 1955 2031 2028 ,solum
2082 1957 2338 2035 positiva
2358 2003 2375 2031 ,

827 2062 948 2104 non
979 2064 1122 2104 vero
1152 2045 1411 2107 naturali
1448 2046 1543 2108 vel
1573 2048 1817 2119 Divina,
1847 2049 2171 2131 derogandi
2199 2050 2377 2132 plena

823 2145 884 2198 et
910 2158 1030 2198 non
1063 2138 1517 2220 circumscripta
1547 2141 1624 2202 sit
1666 2143 1940 2215 Pontifici
1978 2147 2249 2207 Romano
2300 2146 2376 2206 li-

827 2233 1048 2294 bertast
1100 2232 1224 2292 imo
1271 2235 1563 2314 exemplis
1607 2238 1878 2300 adductis
1926 2238 2075 2301 illud
2126 2241 2374 2323 adjungi

823 2336 1014 2407 potest
1043 2328 1118 2388 de
1147 2328 1328 2389 Missa
1354 2332 1690 2396 sedentaria
1715 2352 1835 2393 una
1861 2354 1997 2393 cum
2026 2335 2268 2397 Canone
2286 2359 2376 2397 ce·

825 2419 1150 2494 lebranda;
1200 2443 1461 2504 namque
1506 2425 1722 2486 Missae
1767 2426 1948 2508 hujus
1995 2442 2375 2510 oppugnator

822 2515 1219 2575 concessionis
1270 2517 1490 2600 similis
1544 2519 1896 2581 memoriam
1948 2521 2115 2584 haud
2165 2534 2372 2586 extare

823 2592 1148 2668 contendit.
1659 2677 1667 2684 ᾖ

943 2700 1142 2761 XVII.
1181 2701 1386 2781 Neque
1414 2702 1589 2763 dictis
1617 2706 1816 2778 obest,
1852 2709 2016 2786 quod
2064 2709 2369 2789 dispensa-

826 2794 1005 2853 tionis
1042 2795 1333 2875 ejusmodi
1361 2797 1713 2879 denegatio
1749 2800 2034 2881 impediat
2084 2824 2370 2887 magnum

826 2889 1088 2960 bonum,
1120 2888 1592 2952 aedificationem
1619 2894 1914 2955 nimirum
1945 2897 2152 2977 populi
2179 2920 2253 2959 ex
2290 2902 2369 2961 E·-

831 2980 1053 3060 piscopi
1075 2980 1485 3046 celebratione
1504 3029 1520 3057 ‚
1552 2986 1980 3068 qualicumque
2008 2991 2250 3056 demum
2272 3014 2372 3055 va-

829 3075 978 3135 leret
1006 3075 1213 3146 moda,
1266 3088 1502 3154 peracta
1520 3124 1536 3150 ,
1592 3093 2020 3160 proventuram
2038 3129 2056 3157 ,
2109 3106 2371 3169 namque

826 3168 1125 3230 edificatio
1156 3168 1262 3230 illa
1312 3171 1660 3251 neutiquam
1714 3177 2055 3251 cbtinetur‚
2107 3201 2246 3240 cum
2276 3182 2368 3241 ui·

825 3261 1230 3342 spensationes
1257 3261 1403 3324 istae
1428 3264 1770 3328 celebrandi
1801 3272 2093 3343 sedendo,
2123 3286 2369 3354 excepto

817 3366 1094 3436 <ternpore
1141 3355 1432 3429 Canonis,
1484 3357 1811 3422 clausulam
1867 3365 2251 3438 contineant,
2307 3378 2372 3430 ut

825 3450 1008 3512 Missa
1035 3446 1100 3510 in
1127 3450 1363 3529 privato
1382 3451 1661 3513 Oratorio
1680 3454 2013 3517 celebretur
2035 3458 2111 3518 ad
2142 3460 2371 3522 evitan-

827 3545 967 3606 dam
995 3544 1202 3625 populi
1226 3545 1640 3620 mirationem3
1668 3547 1848 3628 atque
1869 3571 2003 3611 cum
2035 3553 2260 3614 bonum
2296 3557 2370 3617 il·

829 3638 935 3699 lud
979 3639 1239 3701 obtineri
1279 3639 1503 3720 possit,
1553 3643 2017 3721 praescindendo
2064 3666 2101 3707 a
2146 3650 2370 3711 motivo

826 3733 1174 3812 praemisso,
1205 3753 1328 3794 non
1355 3734 1592 3796 videtur
1622 3736 1788 3797 illius
1820 3741 2156 3802 consecutio
2183 3762 2369 3822 quae-

823 3827 1012 3889 renda
1039 3828 1322 3890 novitatis
1349 3828 1532 3910 hujus
1564 3830 1624 3890 in
1652 3831 1974 3894 Ecclesiam
2008 3834 2365 3914 intrusione;

822 3920 1101 4001 Episcopi
1157 3921 1455 4003 siquidem
1510 3923 1698 4003 pietas
1751 3927 1972 3988 nutriri
2024 3938 2214 4007 potest
2262 3952 2370 4011 per

824 4013 1324 4077 Communionem
1354 4038 1504 4077 more
1536 4016 1840 4079 Laicoram
1861 4031 2182 4113 ‘sumptam
2207 4069 2223 4097 ‚
2264 4026 2370 4105 qui

826 4118 1026 4171 autem
1071 4129 1181 4190 pro
1212 4109 1434 4190 populo
1479 4111 1840 4174 sacrificium
1866 4115 2074 4176 offerat
2097 4162 2113 4190 ‚
2147 4120 2369 4186 subsita-

828 4212 997 4264 tuere
1022 4204 1136 4265 sibi
1171 4213 1361 4283 potest
1391 4205 1767 4267 Sacerdotem
1799 4207 2009 4268 alium.

942 4297 1174 4359 xvut.
1208 4299 1496 4379 Magnum
1543 4300 1901 4362 beneficium
1946 4312 2068 4374 est,
2098 4303 2148 4363 si
2194 4304 2368 4367 infir-

826 4409 925 4451 mo
944 4436 961 4464 ,
991 4392 1151 4470 quod
1181 4392 1355 4472 petiit
1380 4392 1628 4453 Sacrum
1660 4393 1962 4455 Viaticum
1990 4416 2026 4457 a
2053 4397 2368 4461 Sacerdote

823 4485 1192 4567 porrigatur:
1223 4486 1450 4546 Verum
1482 4487 1532 4547 si
1560 4488 1882 4567 nequidem
1928 4489 2368 4560 unahabeatur

824 4579 1105 4650 candela,
1136 4580 1185 4639 si
1216 4590 1405 4642 vestes
1431 4586 1633 4642 sa'crae
1667 4582 1895 4653 desint,
1924 4582 1974 4643 si
2003 4583 2124 4644 alio
2153 4587 2367 4664 ‘prose-

822 4679 953 4731 ctus
999 4681 1149 4733 esset
1175 4672 1460 4734 Sacerdos
1498 4694 1703 4735 casum
1752 4672 1915 4735 baud
1968 4680 2324 4756 praevidens
2346 4724 2363 4753 ‚

823 4764 1141 4845 clavesque
1169 4768 1537 4831 tabernaculi
1568 4788 1769 4830 secum
1802 4769 2023 4843 ferens3
2050 4780 2178 4831 tum
2203 4773 2365 4834 enim

823 4874 969 4920 vero
1011 4858 1290 4921 infirmus
1318 4863 1535 4925 V-iatici
1563 4864 1728 4925 Sacri
1750 4911 1758 4917 .
1778 4864 2116 4928 munimine
2140 4869 2370 4930 carebit

822 4952 1093 5034 quidem,
1115 4955 1426 5018 docebitur
1456 4967 1652 5020 tamen
1682 4957 1959 5021 sufficere
1978 4960 2364 5037 desiderium,

820 5055 880 5108 et
905 5046 1275 5108 Sacramenti
1303 5050 1740 5130 perceptionem
1761 5054 1827 5111 ia
1850 5072 1941 5133 spe
1960 5098 1977 5123 ,
1999 5072 2136 5113 cum
2160 5056 2370 5136 nequi-

822 5140 979 5202 verit
1009 5140 1275 5221 re'cipere
1306 5145 1371 5201 in
1408 5164 1492 5203 re:
1523 5144 1844 5218 Similiter,
1871 5154 1934 5207 et
1961 5145 2025 5205 in
2052 5146 2370 5213 Sacerdote

820 5233 1078 5297 sufficiet
1098 5242 1377 5315 prompta
1399 5236 1777 5299 ministrandi
1805 5236 2049 5300 infirmo
2064 5241 2367 5305 viaticum

822 5329 1134 5401 voluntaS,
1163 5349 1300 5391 cum
1333 5330 1549 5392 Missae
1573 5331 1897 5393 celebratio
1924 5333 2154 5415 absque
2187 5336 2368 5399 lumi-

822 5424 1003 5486 nibus
1032 5433 1139 5485 aut
1168 5423 1352 5489 sacris
1383 5423 1752 5487 indumentis
1783 5424 1948 5488 licita
1974 5446 2096 5490 non
2124 5430 2231 5506 sit,
2265 5449 2369 5493 ne·

2493 839 2617 891 stro
2646 834 2924 894 Tractatu
2963 834 3037 896 de
3063 834 3167 896 SS.
3205 837 3387 897 Missa
3433 837 3603 898 Tom.
3657 843 3716 898 2.
3767 839 3919 902 Sect.
3969 847 4030 900 2.

2493 942 2623 1079 (ἃς).
2661 928 2716 985 1.
2744 923 2809 1006 §-
2843 932 2900 987 3.
2930 926 3086 988 edita
3105 928 3243 996 Ital.
3276 929 3428 990 Sect.
3462 934 3521 990 2.
3549 950 3717 992 num.
3753 937 3852 993 52.
3883 933 4029 995 edit.

2584 1017 2763 1080 tinae.
3906 1071 3913 1083 .

2846 1169 2849 1172 ’
2959 1206 3549 1273 COMMENTATIO.
3651 1276 3659 1287 ,

2491 1391 2574 1452 De
2612 1395 2976 1456 celebratione
3002 1397 3217 1460 Missae
3243 1402 3415 1460 etiam
3462 1402 3566 1460 sub
3611 1399 3839 1484 Canoae
3868 1423 3908 1463 a
3948 1422 4034 1461 se-

2567 1488 2753 1558 dente,
2798 1491 2940 1568 quin
2979 1493 3255 1570 obliqetur
3282 1492 3555 1558 sacerdo·
3595 1506 3745 1555 stare
3789 1515 3904 1556 non
3931 1517 4032 1556 ta-

2567 1582 2680 1640 leas
2702 1584 2776 1642 ad
2803 1587 3174 1664 recipiendam
3198 1608 3409 1668 semper
3430 1587 3889 1652 communionem
3919 1611 4033 1650 mo-

2563 1695 2622 1734 re
2649 1675 2973 1743 Laicorum.

2604 1861 2777 1923 XIX.
2812 1864 3097 1927 Asserens
3128 1866 3281 1929 bene
3313 1867 3554 1929 concedi
3591 1867 3929 1942 licentiam,
3966 1879 4035 1932 ut

2484 1953 2768 2017 Sacerdos
2818 1958 3129 2020 debilitate
3168 1980 3407 2040 pressus
3445 1961 3705 2024 sedendo
3743 1964 3988 2026 Missam
4011 2009 4030 2037 ,

2485 2046 2802 2131 ipsumque
2830 2052 2979 2113 adeo
3001 2054 3302 2118 Canonem
3330 2056 3644 2118 absolvere
3666 2057 3871 2137 possit,
3895 2078 4035 2120 con·

2484 2143 2703 2216 tendit,
2740 2147 3071 2208 sessionem
3093 2149 3249 2209 inter
3283 2150 3534 2212 Divinas
3566 2171 3770 2230 preces
3796 2172 3905 2214 nec
3933 2153 4031 2213 in-

2484 2235 2787 2299 decentem
2810 2260 2936 2302 esse
2952 2287 2969 2313 ,
2997 2262 3107 2303 nec
3127 2243 3453 2323 opprobrio
3479 2244 3739 2324 plenam.
3773 2246 3843 2306 ln
3867 2247 4034 2321 Actis

2481 2331 2901 2408 Apostolorum
2931 2354 3060 2413 cap.
3107 2341 3165 2395 2.
3200 2336 3484 2417 legimus,
3515 2337 3804 2399 Divinum
3834 2339 4027 2419 Spiri-

2485 2433 2608 2483 tum
2646 2426 3018 2489 descendisse
3045 2450 3224 2509 super
3255 2431 3567 2510 Apostolos
3599 2432 3660 2492 in
3708 2434 4032 2496 coenaculo

2479 2519 2769 2582 sedentes:
2802 2533 2849 2580 et
2880 2523 3108 2601 replevit
3144 2535 3317 2583 totam
3343 2526 3600 2594 domum,
3637 2529 3734 2585 ubi
3754 2540 3913 2588 eram
3941 2549 4027 2587 se·-

2478 2613 2681 2671 demes.
2729 2615 2992 2694 Ideoque
3033 2616 3371 2678 Cardinalis
3415 2617 3732 2699 Cajetanus
3769 2619 3833 2680 in
3878 2624 4028 2684 Acta

2477 2707 2896 2785 Apostolorum
2933 2709 3012 2772 ita
3040 2722 3500 2784 commentatur:
3531 2733 3643 2771 non
3687 2715 3881 2792 horreo
3912 2737 4023 2776 ses-

2476 2803 2683 2859 sionem
2710 2807 3056 2882 corporalem
3089 2827 3216 2864 cum
3258 2808 3407 2865 nihil
3451 2809 3700 2866 indecens
3744 2809 3975 2870 inducat
4001 2830 4021 2888 εἢ

2476 2894 2764 2975 additque
2784 2898 3089 2959 Navarrus
3113 2899 3176 2959 in
3199 2899 3467 2962 Manuali
3490 2902 3563 2962 de
3582 2900 3871 2963 Oratione
3890 2924 4015 2983 cap.

2477 2991 2534 3047 lt.
2561 3010 2719 3050 uam.
2753 2995 2844 3051 12.
2873 2992 3053 3052 situm
3076 2995 3342 3073 corporis
3364 2994 3768 3060 sedentarium
3793 3016 3915 3056 non
3939 3016 4028 3057 es·-

2476 3103 2538 3142 se
2570 3082 2966 3167 incongruum
2996 3089 3330 3148 orantibus.
3363 3088 3642 3149 Admittit
3664 3089 3911 3170 quidem
3938 3110 4025 3150 se-

2476 3177 2784 3240 demariae
2816 3182 3032 3242 Missae
3060 3183 3385 3254 Patronus,
3418 3182 3698 3251 indecens
3723 3204 3848 3245 esse
3880 3185 4022 3245 Mis-

2476 3291 2602 3330 sam
2633 3273 2938 3337 celebrare
2968 3296 3004 3337 a
3032 3278 3303 3350 sedente3
3334 3286 3596 3339 attamen
3628 3298 3806 3340 causa
3835 3278 4025 3360 legiti-

2479 3368 2573 3426 πίω
2612 3378 3038 3443 concurrente,
3082 3380 3226 3449 puta
3267 3372 3484 3451 pedum
3521 3372 3870 3446 debilitate,
3914 3394 4019 3434 ne-

2478 3460 2722 3538 quidem
2750 3464 3051 3523 (janonem
3084 3465 3295 3543 stando
3324 3465 3755 3546 perficiendum
3781 3467 4026 3546 permit-

2479 3564 2670 3625 tente,
2701 3556 3005 3618 sufficiens
3036 3559 3328 3623 motivum
3361 3559 3571 3622 haberi
3598 3562 3673 3622 ad
3701 3562 4025 3623 conceden-

2476 3648 2612 3709 dam
2638 3650 2954 3712 sessionem
2984 3673 3091 3732 per
3117 3643 3598 3726 totamMissam,
3631 3675 3753 3716 nun
3773 3656 4023 3736 quidem

2473 3740 2759 3823 singulis,
2802 3745 2904 3805 sed
2943 3748 3467 3826 spectabilioribus
3495 3768 3531 3810 e
3561 3748 3736 3810 Clero
3776 3761 4023 3831 propter

2474 3835 2823 3916 dignitatem
2847 3859 3019 3902 suam
3039 3842 3507 3905 Ecclesiasticam
3525 3888 3542 3917 ‚
3570 3844 3882 3925 multoque
3902 3865 4025 3908 ma·

2475 3927 2566 4008 gis
2596 3929 2902 4010 Episcopis
2929 3933 3005 3994 ad
3036 3934 3498 4003 celebrationem
3528 3957 3605 3998 ex
3637 3957 3888 4004 munere
3913 3958 4024 4000 suo

2475 4023 2793 4084 adstrictis.
2826 4025 2887 4086 S.
2924 4027 3135 4088 Petrus
3157 4029 3487 4103 Damianus
3514 4032 3906 4093 aversabatur
3928 4053 4025 4094 ve-

2477 4115 2786 4178 hementer
2832 4120 3151 4182 sessionem
3200 4123 3262 4183 in
3312 4124 3620 4202 precibu5‚
3675 4126 3790 4186 sub
3837 4125 4024 4203 finem

2480 4217 2676 4271 tamen
2722 4212 3097 4291 praelaudati
3141 4216 3411 4293 opusculi
3442 4237 3550 4296 cap
3585 4221 3649 4277 t.
3689 4237 3827 4299 pag.
3878 4224 4014 4280 336.

2474 4301 2621 4365 haec
2645 4306 2842 4379 addin
2874 4306 3053 4368 Nemo
3078 4309 3289 4378 sedeat,
3322 4313 3436 4381 nisi
3477 4314 3723 4390 eorporis
3766 4333 3891 4371 eum
3919 4333 4019 4373 ea·

2480 4400 2663 4457 Ietado
2684 4404 2995 4479 coeetpellat.
3029 4402 3147 4463 Nec
3170 4403 3435 4481 pacatior
3460 4404 3736 4466 sessionis
3756 4405 3818 4465 in
3848 4425 4023 4488 orau-

2476 4492 2553 4552 do
2594 4512 2730 4552 osor
2764 4492 3132 4572 Theophilus
3178 4496 3526 4577 Raynaldus
3569 4498 3678 4559 loc.
3724 4496 3824 4558 cit.
3874 4518 4010 4580 pag.

2475 4590 2610 4651 503.
2645 4586 2759 4647 col.
2809 4591 2863 4648 1.
2909 4588 2991 4648 ita
3019 4587 3222 4657 habet:
3270 4588 3414 4663 Quis
3452 4592 3633 4651 sedere
3662 4612 3865 4654 ,coram
3906 4592 4023 4654 Deo

2474 4681 2678 4740 audeat
2713 4680 2930 4758 injussu
2961 4682 3195 4758 ejuslat
3239 4685 3387 4742 abest
3415 4682 3519 4743 Dei
3545 4696 3750 4757 nutus,
3782 4688 3868 4747 cel
3892 4688 4020 4766 jus·

2472 4793 2597 4832 sum
2625 4775 2690 4833 de
2718 4775 2829 4834 sibi
2840 4758 3173 4845 Ἰιιιιςεηίίωιιίο,
3202 4778 3252 4835 si
3282 4778 3424 4837 absit
3456 4781 3749 4857 aeqrt‘tado
3775 4784 4021 4860 corporis

2474 4870 2761 4945 sessionem
2787 4869 3102 4947 deposcens,
3132 4890 3197 4930 ea
3225 4872 3374 4929 enim
3394 4874 3640 4951 corporis
3662 4875 4019 4941 imbecillitas

2475 4960 2715 5022 Divinae
2741 4961 3122 5039 indu-lqentiae
3154 4963 3229 5025 ad
3260 4964 3557 5023 sedendum
3595 4986 3872 5026 concessae
3916 4977 4020 5025 tes-

2474 5074 2600 5115 sera
2631 5065 2707 5114 est
2744 5073 2818 5114 ex
2849 5067 3064 5115 natura
3091 5058 3194 5115 rei.
3225 5055 3496 5137 Cumque
3519 5057 3582 5118 in
3604 5059 3844 5119 Canone
3879 5063 4013 5119 131.

2474 5147 2722 5210 Concilii
2750 5147 3250 5229 Aquisgranensis
3280 5149 3575 5231 legamus?
3605 5150 3725 5212 Nec
3764 5173 3892 5213 cum
3918 5154 4018 5215 ba·
4103 5225 4106 5228 .

2474 5245 2616 5303 culis
2647 5244 2710 5301 in
2740 5240 2788 5303 C
2791 5243 2925 5301 horo
2945 5289 2961 5313 ,
2991 5244 3232 5324 eoeceptis
3258 5244 3562 5315 debilibus,
3592 5246 3684 5304 sed
3722 5247 4024 5325 religiosis-

2476 5339 2610 5397 sime
2658 5338 2815 5407 iltis,
2858 5339 3146 5408 standum,
3185 5348 3237 5396 et
3267 5338 3625 5417 psallendum
3667 5349 3766 5399 est.
3800 5338 4022 5401 Erudi-

2484 5440 2576 5493 tus
2616 5431 2790 5493 Pater
2812 5430 3151 5493 Haestenus
3185 5430 3248 5492 in
3282 5431 3470 5494 doctis
3495 5431 3618 5494 suis
3652 5431 4021 5514 disquisitio-
