4487 6316
121 4252 177 4287 tur
203 4249 289 4291 duci

118 4316 195 4345 ¹¹³⁸!
265 4308 367 4350 mte-

117 4359 234 4404 beandi
264 4368 343 4408 Uis

117 4473 366 4584 mr

1803 549 1927 604 UD.
1967 548 2007 603 1.
2047 546 2187 599 mv.
2230 550 2275 604 1.
3427 553 3458 601 8

420 695 562 750 sunt
594 696 802 755 umatu
839 687 1190 767 dignissima
1217 737 1235 761 ,
1276 693 1487 771 inteqre
1528 690 1802 754 Collectas
1837 697 1976 755 cete-

424 784 585 843 brare
613 832 628 853 ,
656 784 822 862 quod
847 784 1003 845 idem
1032 797 1119 847 cst
1147 806 1215 847 at·
1243 785 1455 847 Missas
1479 787 1818 861 celebrare3
1849 788 1978 853 col-

421 877 604 947 lectae
628 879 792 939 enim
832 881 1072 942 nonnisi
1106 891 1416 962 praesente
1443 882 1801 966 Presbytero
1823 930 1839 957 ,
1870 884 1975 965 qui

418 984 832 1047 consecraret,
881 975 1115 1056 integre
1151 985 1399 1055 possunt
1424 974 1738 1038 celebrari.
1784 978 1979 1039 Adno-

420 1067 604 1128 tanda
631 1067 813 1129 ctiam
843 1068 951 1130 illa
976 1090 991 1129 :
1038 1069 1312 1132 Collectas
1338 1072 1551 1149 facere:
1583 1070 1856 1132 Collectas
1891 1094 1977 1132 ee-

423 1162 636 1222 lebrare
661 1211 677 1234 ,
718 1183 875 1245 quae
913 1166 1118 1227 adesse
1154 1165 1370 1227 Missae
1400 1165 1742 1247 significant
1768 1213 1783 1240 ,
1815 1170 1977 1247 quod

418 1254 723 1337 colligitur
759 1276 835 1319 ex
871 1257 932 1318 S.
971 1258 1262 1339 Gregorio
1289 1260 1624 1321 Turonensi
1663 1261 1737 1322 de
1770 1261 1980 1323 Gloria

421 1349 762 1432 Martyrum
788 1351 897 1414 lib.
936 1357 995 1413 1.
1022 1372 1153 1433 cap.
1194 1360 1292 1414 55.
1326 1355 1400 1416 de
1426 1353 1634 1421 Gloria
1670 1355 1980 1417 Confesso-

420 1462 557 1505 rum
583 1466 717 1526 cap.
753 1453 852 1507 65.
886 1447 1023 1509 Huc
1048 1467 1292 1528 quoque
1316 1449 1607 1530 pertinet,
1649 1449 1860 1513 Missas
1884 1471 1981 1511 ce-

422 1536 685 1601 lebratas
711 1560 837 1602 esse
863 1540 928 1602 in
956 1542 1319 1615 carceribus,
1349 1543 1513 1623 quod
1541 1552 1791 1624 apparet
1815 1563 1891 1604 ex
1913 1545 1974 1605 S.

419 1632 709 1715 Cypriani
737 1634 927 1715 Epist.
962 1642 1021 1697 5.
1053 1637 1132 1698 ad
1158 1638 1547 1720 Pmbyteros
1567 1647 1626 1699 et
1653 1637 1978 1714 Diaconos3

415 1729 581 1807 quod
622 1730 861 1791 monuit
882 1730 1137 1797 Sanctus
1165 1733 1400 1815 Martyr
1421 1779 1438 1806 ,
1470 1741 1539 1795 ut
1566 1734 1644 1795 ad
1679 1750 1944 1795 carceres
1961 1780 1978 1808 ,

410 1823 521 1884 ubi
563 1823 629 1885 in
656 1822 901 1888 vincula
928 1826 1149 1888 Christi
1189 1827 1566 1889 Confessoroe
1601 1829 1850 1909 conjecti
1888 1848 1981 1890 es-

412 1927 552 1980 sent
577 1965 593 1992 ,
635 1918 977 1981 clanculum
998 1967 1014 1994 ,
1056 1942 1134 1983 ne
1164 1923 1244 1984 ab
1272 1922 1544 1984 Etbnicis
1580 1923 1984 2004 deprehende-

412 2021 628 2074 rentur
655 2060 672 2087 ,
731 2014 810 2075 ad
852 2014 1100 2077 Missam
1151 2016 1572 2077 celebrandam
1610 2017 1977 2080 accederent.

416 2107 572 2170 Cum
600 2129 745 2171 vero
770 2111 1115 2173 teterrimae
1143 2110 1283 2173 illae
1302 2111 1364 2172 in
1394 2110 1765 2174 Christianos
1790 2131 1985 2192 perse-

416 2204 691 2266 cutiones
716 2205 1016 2268 saevirent
1042 2252 1058 2279 ‚
1088 2206 1296 2268 nullus
1322 2205 1448 2268 fere
1470 2226 1592 2267 non
1617 2215 1749 2270 erat
1782 2207 1977 2282 locus,

417 2299 530 2360 ubi
564 2300 741 2361 Missa
778 2300 1205 2362 celebraretur.
1240 2303 1432 2363 Locus
1466 2301 1641 2362 estin
1680 2301 1982 2365 Constitu-

411 2394 688 2456 tionibus
721 2394 1075 2475 Apostolicis
1113 2396 1221 2457 lib.
1260 2403 1318 2457 6.
1350 2416 1481 2477 cap.
1525 2402 1622 2458 30.
1654 2396 1983 2477 Acceptabi-

418 2494 527 2551 lem
555 2491 991 2552 Eucharistiam
1028 2491 1217 2572 offerte
1251 2493 1317 2551 in
1352 2491 1622 2553 Ecclesiis
1658 2494 1853 2553 cestris
1878 2541 1893 2563 ,
1931 2503 1984 2554 et

413 2588 478 2644 in
512 2584 902 2654 coemeteriis,-
930 2597 990 2647 et
1018 2586 1082 2646 in
1110 2586 1275 2649 Actis
1301 2587 1580 2669 Martyrii
1605 2588 1666 2647 S.
1695 2587 1980 2668 Stephani

413 2678 652 2759 Papae:
680 2679 891 2739 Romae
918 2681 982 2739 in
1013 2677 1347 2740 Coemeterio
1370 2679 1622 2741 Callixti
1646 2683 1710 2741 in
1722 2702 1981 2762 persecu-

412 2776 565 2853 tione
613 2772 909 2835 Valeriani
937 2821 953 2845 ,
990 2775 1128 2855 dum
1165 2774 1381 2837 Missae
1417 2774 1781 2857 Sacrificium
1810 2797 1981 2857 pera-

407 2878 563 2948 qeret
587 2916 605 2938 ,
634 2870 1144 2948 supervenientibus
1169 2871 1446 2929 militibus
1462 2917 1478 2940 ,
1507 2882 1638 2932 ante
1664 2870 1867 2932 Altare
1886 2874 1979 2931 in-

413 2964 672 3044 trepidus
706 2974 759 3023 et
798 2965 1097 3023 immobilis
1123 2974 1312 3043 coepta
1345 2969 1614 3043 mysteria
1646 2968 1934 3048 perficiens
1959 2992 1987 3039 ,·

409 3060 474 3119 in
521 3060 648 3119 sede
699 3078 804 3119 sua
851 3060 1156 3119 decollatus
1191 3069 1289 3118 est.
1344 3060 1433 3120 Ita
1477 3058 1979 3142 Martyrologium

410 3156 761 3217 Romanum
796 3154 873 3215 ad
910 3153 1070 3215 diem
1100 3160 1156 3214 2.
1192 3155 1466 3234 Augusti.
1510 3155 1714 3216 Cum
1698 3178 1761 3216 ιιι
1800 3157 1975 3219 Chri-

408 3250 642 3312 stianos
669 3248 876 3310 itidem
897 3249 1251 3322 saeviretur,
1284 3250 1466 3311 tradit
1494 3251 1818 3333 Dionysius
1843 3252 1978 3313 Ale-

406 3344 756 3407 xandrinus
793 3344 953 3424 apud
992 3327 1320 3406 Eusebium
1368 3344 1475 3406 lib.
1509 3351 1568 3406 7.
1602 3347 1760 3408 Eccl.
1811 3347 1969 3409 Hist.

408 3440 704 3510 vetitum,
741 3457 820 3498 ne
854 3438 1177 3500 Christiani
1217 3448 1546 3501 conventus
1582 3450 1868 3521 agerent,
1906 3462 1976 3503 ac

407 3533 631 3594 deinde
654 3532 899 3613 subjicit
923 3552 1053 3611 cap.
1088 3538 1185 3591 22.
1223 3531 1476 3612 Cumque
1502 3536 1574 3594 ab
1597 3537 1974 3615 omnibus-fu-

404 3647 676 3706 yaremur
703 3674 719 3697 ,
748 3639 917 3704 atque
943 3629 1384 3706 opprimeremur
1397 3675 1413 3699 ,
1444 3630 1814 3690 nihilominus
1843 3642 1975 3692 tune

408 3742 629 3801 quoque
675 3723 835 3799 festos
872 3724 1083 3800 eqimus
1127 3723 1285 3782 dies.¹
1314 3721 1516 3797 Quivis
1562 3726 1742 3797 loom,
1774 3729 1837 3785 in
1863 3747 1975 3805 quo

409 3820 609 3880 varias
647 3837 948 3878 aerumnas
974 3818 1324 3895 sinqillatim
1370 3820 1746 3897 pertulimus,
1792 3841 1968 3900 aqer,

407 3914 690 3991 inquam,
718 3913 1002 3982 solitudo,
1035 3915 1239 3982 navis,
1269 3914 1596 3984 stabulum,
1627 3935 1847 3986 carcer,
1877 3919 1972 3976 ina-

407 4016 539 4067 star
568 4005 783 4085 Templi
808 4006 884 4066 ad
909 4025 1093 4066 sacros
1119 4018 1415 4067 conventus
1430 4009 1767 4102 peraqendos
1791 4010 1926 4087 fuit.

414 4129 417 4132 ·
532 4105 594 4160 8.
627 4101 931 4172 Postremo
956 4099 1242 4173 diximus,
1272 4110 1641 4163 constantem
1669 4123 1753 4168 ac
1764 4123 1970 4185 perpe-

231 4192 367 4259 rwbff·
406 4202 581 4257 tuam
609 4193 835 4256 fuisse
818 4214 883 4254 ιιι
909 4193 1172 4258 Ecclesia
1197 4194 1612 4276 disciplinam,
1642 4205 1712 4259 ut
1736 4217 1970 4279 semper

404 4288 471 4349 in
522 4288 826 4368 Templis,
856 4290 987 4350 ubi
993 4289 1166 4370 copia
1204 4290 1323 4364 sit,
1366 4291 1579 4354 Missae
1605 4291 1967 4355 sacrificium

344 4384 766 4452 celebretur.
802 4385 994 4446 Locus
1020 4392 1117 4446 est
1133 4385 1639 4456 luculentissimus
1665 4388 1726 4448 S.
1762 4390 1966 4451 Basilii

404 4478 568 4540 libro
602 4479 678 4540 de
718 4479 1022 4558 Baptismo
1058 4499 1188 4590 cap.
1224 4487 1282 4540 8.
1323 4481 1500 4542 Nobis
1532 4485 1851 4562 periculum
1887 4495 1967 4546 est

407 4576 561 4636 mle
593 4576 737 4634 obiti
764 4574 1066 4645 mandati,
1104 4577 1159 4634 si
1193 4576 1311 4635 loci·
1335 4576 1616 4638 dationem
1649 4582 1966 4658 παρατεθή-

406 4687 581 4739 ιιιιιε,
606 4671 857 4731 maoeime
883 4671 935 4728 si
960 4667 1280 4730 Sacerdotii
1304 4674 1572 4749 mysteria
1599 4676 1664 4732 in
1691 4676 1822 4734 loeis
1837 4695 1968 4754 pro-

408 4766 563 4843 fanis
582 4766 1036 4825 celebraverimus
1053 4812 1068 4834 ,
1096 4777 1389 4844 propterea
1413 4768 1561 4843 quod
1586 4787 1652 4828 ea
1686 4787 1773 4830 res
1808 4771 1964 4830 indi-

408 4863 567 4922 etum
604 4861 823 4921 haberet
850 4871 1191 4939 contemptus
1214 4863 1280 4919 in
1305 4862 1630 4931 celebrante,
1659 4861 1965 4942 offendicu-

410 4956 533 5013 lum
567 4973 783 5031 quoque
823 4965 1131 5029 qeneraret.
1178 4953 1631 5032 Apertissimum
1658 4956 1838 5017 etiam
1877 4967 1994 5026 est,

411 5047 626 5131 Cyrilli
656 5046 1049 5107 Alexandrini
1070 5046 1663 5110 testimonium-libro
1680 5049 1967 5122 adversus

415 5141 1062 5222 Anthropomcrphitas
1094 5161 1226 5220 cap.
1274 5146 1366 5201 12.
1406 5143 1636 5202 Donum
1668 5147 1782 5205 sive
1805 5148 1965 5208 obla-

410 5243 492 5300 tio
510 5286 525 5308 ‚
565 5256 734 5316 quam
759 5237 988 5315 mystice
1012 5239 1349 5296 celebramus
1375 5285 1389 5308 ‚
1422 5239 1489 5297 in
1512 5240 1644 5299 solis
1680 5233 1964 5302 orthodo-

408 5353 622 5395 oeorum
656 5333 863 5392 sanctis
904 5333 1121 5410 templis
1156 5332 1347 5413 offerri
1381 5335 1572 5406 debet,
1612 5355 1785 5414 neque
1821 5339 1965 5397 alibi

407 5429 654 5488 omnino.
690 5424 809 5500 Qui
835 5445 986 5484 secus
1012 5427 1229 5503 faciunt
1249 5475 1262 5496 ,
1291 5441 1480 5507 aperte
1499 5428 1696 5508 Leqem
1721 5433 1956 5492 violam.

409 5520 581 5597 Quin
604 5520 785 5583 etiam
810 5525 1087 5578 constans
1111 5519 1427 5600 disciplina
1453 5542 1688 5605 semper
1714 5525 1829 5588 fuit
1846 5573 1865 5602 ,
1893 5537 1963 5591 ut

726 5627 1096 5702 nsusnfixiv.
1134 5644 1281 5684 rou.
1319 5636 1460 5695 vlu.

2046 674 2049 679 ⁵
2087 711 2204 752 nou
2257 691 2435 753 modo
2473 692 2537 753 in
2575 695 2852 774 templis,
2883 696 2932 759 si
2974 695 3104 757 fleri
3157 708 3385 778 posset,
3420 697 3526 758 sed
3572 698 3634 757 in

2083 786 2324 866 templis
2353 790 2711 851 consecratis
2743 790 3115 852 Sacrificium
3149 791 3364 852 Missae
3391 810 3637 872 perage·-

2083 888 2272 942 retur.
2317 884 2699 962 Quapropter
2728 893 2850 947 tota
2890 885 3202 947 Athanasii
3232 884 3522 966 Apologia
3560 885 3637 947 ad

2082 977 2497 1039 Constantium
2530 978 2592 1039 in¹
2618 999 2690 1041 eo
2719 990 2992 1042 versatur
3011 1027 3026 1051 ,
3058 988 3120 1040 ut
3154 981 3371 1043 salsum
3397 980 3640 1040 demon-

2082 1079 2230 1132 stret
2248 1091 2552 1132 rumorem
2576 1072 2753 1134 illum
2771 1075 2878 1153 qui
2899 1077 3341 1155 percrebuerat,
3364 1082 3637 1134 sanctum

2084 1166 2444 1247 Episcopum
2488 1166 2551 1228 in
2604 1169 2825 1248 templo
2867 1189 2989 1230 non
3018 1177 3359 1231 consecrato
3393 1167 3638 1228 Missam

2083 1259 2451 1323 celebrasse.
2485 1260 2782 1322 Caeterum
2807 1266 2948 1342 quia
2971 1266 3037 1325 de
3064 1282 3265 1342 tamquo
3290 1264 3492 1342 templo
3514 1281 3640 1322 ma·

2081 1375 2259 1434 quum
2283 1358 2494 1416 crimen
2519 1358 2848 1428 concinnat,
2878 1360 3026 1437 quod
3050 1361 3133 1418 ibi
3159 1358 3421 1438 Syna-vis
3448 1358 3645 1418 habita

2084 1451 2199 1520 sit,
2224 1452 2565 1530 priusquam
2590 1452 2908 1512 absolutum
2933 1464 3099 1515 esset:
3127 1452 3220 1513 En
3250 1451 3515 1523 crimem
3545 1448 3644 1513 cui

2085 1545 2373 1606 diluendo
2400 1545 2718 1625 respondet
2742 1547 3145 1620 Athanasius,
3174 1569 3238 1609 sc
3265 1548 3330 1608 in
3355 1545 3640 1609 solemni-

2088 1639 2201 1700 bus
2224 1639 2484 1702 Paschae
2505 1660 2675 1701 sacra
2699 1636 3082 1722 peragentem
3108 1642 3392 1725 mysteria
3408 1642 3470 1702 in
3497 1652 3642 1705 tem—

2086 1734 2210 1815 plo,
2236 1735 2400 1815 quod
2424 1734 2714 1815 populum
2743 1736 3096 1799 universum
3125 1758 3247 1798 non
3265 1746 3523 1817 caperet,
3552 1735 3644 1799 in·

2086 1827 2344 1889 vitatum
2370 1847 2496 1890 esse
2522 1847 2560 1890 a
2585 1827 2896 1891 Fidelibus
2921 1830 2985 1892 in
3020 1850 3246 1891 novum
3264 1876 3281 1903 ,
3312 1831 3475 1911 quod
3510 1850 3640 1892 am-

2086 1921 2247 2002 plius
2279 1931 2432 1984 esset
2454 1968 2471 1995 ,
2500 1922 2771 1984 nondum
2800 1930 3000 1985 tamen
3023 1935 3455 1997 consecratum,
3485 1925 3646 1987 utin

2087 2036 2159 2078 eo
2176 2035 2381 2079 sacrae
2401 2016 2772 2097 precationes
2783 2020 3426 2091 commodius‘fierentz
3454 2040 3518 2081 se
3544 2040 3649 2081 au·

2091 2118 2209 2172 tem
2230 2110 2498 2192 primum
2526 2111 2878 2186 reluctante,
2901 2113 3122 2175 multos
3147 2114 3289 2176 inde
3314 2113 3554 2186 abiisse,
3579 2113 3646 2175 in

2088 2225 2310 2287 agrum¹¹
2327 2225 2596 2287 egressos
2616 2252 2633 2279 ,
2663 2216 2731 2269 ut
2758 2207 2845 2269 ibi
2872 2207 3002 2269 sine
3025 2210 3207 2272 turba
3232 2217 3294 2271 et
3314 2209 3645 2271 incommo-

2090 2302 2167 2363 do
2193 2309 2474 2362 orarent:
2503 2302 2667 2381 quod
2694 2322 2829 2362 cum
2862 2302 3113 2365 minime
3136 2304 3348 2366 decere
3372 2312 3645 2385 reputas-

2087 2405 2196 2469 set,
2225 2416 2290 2458 se
2321 2414 2560 2477 passum
2586 2416 2742 2468 esse,
2773 2408 2842 2457 ut
2868 2398 3127 2477 populus
3146 2399 3211 2459 in
3244 2398 3540 2479 templum
3557 2419 3648 2460 re-

2088 2511 2228 2553 cens
2267 2499 2608 2553 exmictum
2637 2491 2893 2553 necdum
2925 2503 3346 2565 consecratum
3367 2493 3647 2574 ingrede-

2088 2595 2257 2648 retur
2276 2632 2291 2658 ,
2321 2594 2391 2647 ut
2421 2586 2483 2646 in
2511 2606 2583 2646 eo
2611 2584 2936 2646 Dominum
2963 2588 3156 2648 Deum
3185 2578 3552 2667 precaretur;
3580 2587 3644 2648 id

2085 2702 2230 2743 vero
2255 2680 2410 2742 nihil
2435 2679 2747 2760 impedire,
2773 2680 3099 2761 quominus
3121 2681 3325 2761 ipsum·
3342 2702 3646 2743 consecra·

2086 2785 2256 2839 retur
2299 2776 2634 2856 templum3
2680 2775 2864 2854 idque
2907 2776 2994 2838 ait
3033 2776 3346 2850 futurum,
3389 2778 3439 2838 si
3484 2766 3643 2838 Con-2

2085 2871 2288 2933 stantii
2315 2917 2330 2943 ,
2383 2872 2555 2951 cujus
2591 2869 2931 2949 sumptibus
2983 2871 3274 2950 anaplum
3316 2872 3642 2933 excitatum

2086 2966 2320 3038 fuerat,
2349 2965 2684 3027 accessisset
2710 2985 3048 3026 consensus,
3083 2967 3279 3044 Hujus
3307 2987 3435 3046 erqo
3469 2967 3647 3028 Dedi-

2083 3062 2321 3121 cationis
2354 3071 2434 3127 te,
2479 3058 2829 3118 Litterarum
2863 3061 3260 3120 studiosissime
3295 3061 3640 3140 Imperator,

2082 3167 2365 3218 auctorem
2391 3177 2497 3216 esse
2523 3166 2754 3235 oportet.
2788 3153 2965 3216 Locus
2993 3158 3142 3216 entim
3169 3158 3266 3216 ille
3300 3158 3551 3236 precibus
3577 3160 3643 3217 in

2081 3272 2142 3313 eo
2177 3254 2320 3331 susis
2358 3263 2489 3312 ante
2525 3253 2790 3330 expiatus
2823 3254 3197 3329 praesentiam
3243 3262 3373 3318 tuae
3415 3255 3644 3332 pietatis

2081 3347 2371 3424 requirit:
2411 3346 2510 3404 hoc
2535 3343 2685 3405 enim
2708 3345 2890 3404 solum
2915 3345 2969 3404 ei
2992 3345 3136 3404 deest
3170 3346 3248 3406 ad
3276 3348 3511 3426 plenum
3543 3367 3639 3406 or-

2078 3452 2300 3501 natum.

2200 3543 2257 3596 9.
2283 3535 2459 3610 Quod
2481 3535 2530 3594 si
2554 3535 2629 3596 de
2648 3533 3010 3612 templorum
3031 3536 3473 3596 consecratione
3492 3556 3637 3615 pau-

2079 3651 2147 3692 ca
2169 3631 2467 3711 quaedam
2489 3629 2743 3691 velimus
2762 3630 3086 3710 attingere,
3119 3630 3383 3710 profecto
3400 3652 3498 3693 sac
3501 3653 3636 3694 rum
3679 3666 3725 3692 e

2080 3725 2257 3786 illum
2280 3724 2486 3788 Ritum
2505 3744 2540 3785 e
2558 3723 2744 3784 veteri
2769 3724 3182 3785 ''Testamento
3166 3744 3229 3784 ιιι
3250 3745 3473 3787 ιιονιιιιι
3486 3723 3733 3808 Apo-22

2076 3819 2283 3881 stolica
2305 3818 2679 3880 institutione
2698 3816 3111 3879 existimamus
3129 3820 3628 3893 ffisetra'ductum‚

2077 3933 2259 3993 quem
2289 3912 2489 3973 statim
2519 3920 2778 3992 utraque
2797 3910 3060 3973 Ecclesia
3090 3911 3417 3974 Orientalis
3436 3923 3496 3974 et
3526 3913 3636 3975 Oc-

2075 4007 2389 4069 cidentalis
2427 3992 2570 4068 sunt
2607 4006 3002 4087 amplexatae.
3048 4007 3257 4087 Neque
3294 4008 3460 4070 enim
3501 4027 3636 4069 eam

2074 4100 2513 4163 caeremoniam
2534 4099 2896 4181 excogitavit
2917 4100 2977 4160 S.
3003 4102 3313 4163 Evaristus
3334 4101 3632 4175 Pontifex,

2074 4216 2258 4275 quem
2281 4217 2422 4257 vere
2445 4214 2758 4276 possumus
2779 4194 2978 4257 dicere
3001 4196 3292 4274 quosdam
3316 4196 3488 4256 Ritus
3507 4204 3636 4257 tan-

2075 4291 2384 4351 tummodo
2415 4288 2715 4350 addidisse
2738 4334 2755 4361 ,
2787 4296 2859 4350 ut
2884 4288 3143 4349 ostendit
3170 4288 3506 4351 Cardinalis
3527 4291 3637 4350 Bo-

2076 4405 2151 4446 na
2179 4388 2402 4446 Rerum
2435 4384 2666 4464 Liturg.
2704 4382 2813 4443 lib.
2854 4388 2907 4443 1.
2943 4402 3073 4461 cap.
3106 4388 3205 4444 20.
3247 4402 3417 4443 ιιιιιιι.
3465 4389 3522 4444 3.
3557 4385 3636 4445 Et

2074 4481 2294 4562 Pagius
2312 4480 2374 4560 in
2399 4478 2541 4540 Vita
2567 4479 2629 4539 S.
2659 4476 2918 4539 Evaristi
2951 4497 3119 4537 num.
3157 4482 3214 4538 3.
3252 4474 3632 4558 Quapropter

2069 4575 2366 4637 Eusebius
2383 4572 2781 4635 Caesariensis
2798 4571 2953 4633 Eccl.
2974 4571 3128 4632 nist.
3153 4571 3261 4632 lib.
3292 4576 3385 4633 10.
3412 4591 3541 4650 cap.
3570 4577 3628 4631 3.

2071 4667 2460 4731 Constantino
2508 4665 3071 4747 Sacris'Religionis
3108 4673 3347 4728 nostrae
3394 4663 3631 4727 initiato

2070 4761 2360 4825 laetitiam
2387 4781 2860 4824 commemorans
2885 4808 2902 4835 ‚
2934 4780 3121 4841 quam
3146 4780 3223 4822 ex
3251 4773 3418 4823 ea're
3457 4759 3628 4821 Chri-

3693 3534 3970 3591 Tempta-u-

3677 3607 3866 3634 enit-aises
3845 3600 3912 3632 aot

3759 3652 3915 3706 Aposto
3888 3648 3968 3690 olt-

3738 3709 3967 3750 11111111ῑῦ11·

2069 4858 2248 4920 stiani
2288 4865 2605 4937 coeperant
2628 4903 2645 4931 ,
2697 4856 2880 4919 tradit
2921 4867 3046 4917 tum
3093 4854 3312 4935 templa
3352 4862 3625 4917 extructa
3711 4899 3714 4902 ι

2070 4953 2254 5015 fuisse
2273 4961 2334 5015 et
2352 4959 2691 5014 consecrata
2717 4972 2734 5024 3
2765 4970 3026 5032 eumque
3044 4950 3252 5012 Ritum
3284 4948 3485 5012 innuit
3496 4950 3626 5029 jam
3657 4997 3668 5007 .

2070 5049 2253 5110 fuisse
2294 5059 2467 5110 antea
2509 5046 2957 5119 introductum,
3001 5045 3101 5106 sed
3148 5044 3627 5124 persecutionum

2069 5153 2337 5224 tempore
2364 5142 2771 5204 intermissum
2796 5164 2815 5215 3
2849 5141 3086 5203 tandem
3112 5185 3129 5212 ,
3171 5160 3313 5220 pace
3342 5143 3447 5218 per
3476 5137 3627 5198 Con-

2054 5240 2399 5302 -stantinum
2428 5238 2726 5300 Ecclesiae
2753 5235 2987 5299 reddita
3010 5282 3026 5308 ‚
3055 5247 3419 5300 revocatum.
3470 5233 3626 5292 Voti-

2068 5357 2200 5396 vum
2224 5335 2485 5396 nobis'ae
2516 5334 2889 5394 desideratum
2919 5332 3294 5411 spectaculum
3323 5328 3621 5408 praebeba—

2070 5443 2167 5490 tur
2193 5479 2206 5500 ,
2236 5431 2667 5491 Dedicationum
2689 5428 2895 5488 scilicet
2919 5426 3212 5486 festivitas
3237 5444 3337 5503 per
3368 5423 3623 5498 sinqulas

2074 5503 2246 5590 Urbes
2274 5574 2289 5598 ,
2319 5536 2372 5585 et
2403 5523 2798 5586 oratoriorum
2830 5542 3013 5583 recem
3039 5530 3378 5583 structorum
3414 5513 3620 5577 Come-

3224 5633 3257 5684 ὅ
