4487 6316
1052 501 1160 560 426

2086 511 2297 568 INDEX
2333 508 2825 570 &rummiens

977 654 1230 707 Nonnulli
1262 662 1510 722 putarunt
1534 655 1777 724 pluribus
1804 659 2030 726 acceptis
2050 660 2400 727 eleemosynis
2507 657 2858 709 minutionem
2900 672 3127 708 onerum
3167 674 3267 726 pro
3296 649 3478 709 Missis
3519 656 3788 724 perpetuis
3819 651 4044 723 petenti·

864 755 961 806 per
990 758 1151 791 unum
1181 744 1505 794 sacrificium
1545 745 1785 797 satisfieri
1814 763 2001 815 posse,
2033 748 2312 815 opinantes
2341 748 2403 798 il-

860 827 955 879 lud
981 829 1224 897 pluribus
1262 833 1610 900 applicatum,
1652 852 1814 903 aeque
1839 836 2063 902 siugulis
2103 835 2360 903 prodesse
2385 874 2400 900 ,

859 932 918 966 ae
946 915 988 966 si
1020 918 1110 967 uni
1140 919 1507 986 applicaretur:
1537 930 1623 972 aut
1649 921 1875 973 fructum
1905 924 2157 974 sacrificii
2202 925 2401 990 specia-

856 1003 1153 1068 lissimum,
1181 1006 1270 1074 qui
1302 1005 1364 1057 ad
1403 1007 1754 1061 celebrantem
1784 1011 2042 1078 pertinet,
2070 1011 2220 1063 alteri
2251 1011 2402 1065 cede-

857 1109 917 1143 re
939 1130 954 1156 ,
980 1101 1133 1161 atque
1159 1092 1255 1145 bac
1292 1095 1496 1147 ratione
1538 1113 1727 1148 novam
1757 1098 2145 1166 eleemosynam
2185 1117 2289 1168 pro
2319 1119 2400 1152 ea-

859 1179 981 1231 dem
1009 1183 1171 1233 Missa
1208 1183 1475 1250 accipere;
1515 1184 1606 1235 sed
1646 1184 1953 1253 hujusmodi
1995 1188 2312 1255 opiniones,
2351 1198 2404 1242 et

859 1267 1114 1321 subdolas
1153 1280 1287 1322 artes
1340 1280 1447 1322 tum
1489 1273 1694 1324 Summi
1730 1274 2014 1327 Pontifices
2040 1311 2055 1338 ,
2095 1284 2202 1326 tum
2246 1278 2397 1329 Sacra

857 1356 1090 1410 Concilii
1117 1360 1469 1428 Congregatio
1497 1360 1867 1431 profligarunt,
1897 1365 1934 1414 l.
1963 1364 2013 1415 3.
2044 1381 2087 1415 c.
2114 1364 2202 1415 21.
2227 1383 2278 1416 n.
2313 1368 2397 1418 1³.

968 1446 1020 1498 S.
1047 1447 1359 1500 Franciscus
1386 1447 1691 1501 Assisiensis
1729 1468 1828 1520 pro
1855 1454 2177 1521 corruptelis
2221 1455 2276 1505 in
2318 1472 2399 1506 ac·

858 1532 1108 1601 cipienda
1138 1537 1425 1604 proMissa
1465 1538 1795 1606 eleemosyna
1822 1539 2050 1591 vitandis
2088 1541 2396 1606 constituit,

861 1627 919 1670 nt
945 1622 1024 1672 sui
1051 1621 1272 1673 Ordinis
1298 1621 1509 1674 Alumni
1553 1626 1713 1676 semel
1743 1634 1941 1677 tantum
1974 1627 2028 1678 in
2058 1628 2145 1680 die
2172 1628 2403 1681 celebra-

2501 743 2620 796 bus.
2661 746 2905 797 Similem
2959 745 3320 797 redactionem
3373 743 3437 795 ab
3490 744 3772 811 Episcopis
3825 745 3879 794 in
3932 746 4043 808 suis

2498 832 2846 885 Dioecesibus
2889 832 3003 886 fieri
3032 850 3192 902 posse
3237 832 3482 902 permisit
3503 831 3809 884 Concilium
3858 835 4045 884 Roma·

2502 936 2627 971 num
2660 920 2757 971 sub
2782 920 3071 973 Benedicto
3093 921 3235 974 xm.
3266 921 3337 971 ita
3367 930 3422 971 ut
3448 936 3621 988 neque
3651 923 3927 988 majorem,
3955 937 4044 973 ue·

2499 1025 2602 1075 que
2632 1009 2897 1060 minorem
2953 1026 3213 1060 summam
3241 1026 3342 1077 pro
3371 1008 3555 1060 Missis
3585 1009 3855 1076 perpetuis
3884 1009 4043 1061 statui

2503 1104 2820 1163 paterentur.
2850 1096 3092 1148 Similem
3120 1097 3278 1148 etiam
3307 1096 3672 1148 reductionem
3721 1096 3843 1149 fecit
3866 1099 4044 1148 Bono·

2498 1183 2616 1235 niae
2641 1183 2952 1237 Benedictus
2977 1185 3113 1237 XIV.
3145 1186 3181 1235 l.
3209 1185 3258 1235 3.
3291 1202 3339 1238 c.
3364 1184 3455 1237 22.
3485 1202 3539 1235 n.
3568 1185 3603 1235 9

2607 1273 2771 1323 Missa
2798 1273 3051 1341 applicari
3080 1276 3266 1342 nequit
3292 1291 3391 1342 pro
3429 1290 3495 1326 eo
3513 1309 3527 1336 ,
3555 1272 3644 1341 qui
3674 1271 3881 1340 primus
3906 1273 4042 1325 elee-

2502 1375 2774 1425 mosynam
2803 1369 2882 1411 est
2908 1359 3155 1425 daturus,
3185 1362 3220 1411 1.
3250 1361 3301 1412 3.
3330 1377 3376 1412 e.
3404 1359 3492 1411 22.
3521 1377 3578 1414 η.
3610 1362 3696 1411 10.
3900 1365 3907 1372 “

2610 1446 2754 1509 Sibi,
2782 1455 2868 1498 aut
2895 1448 3003 1499 suis
3026 1448 3278 1501 Ecclesiis
3306 1448 3552 1508 addicere
3577 1447 3902 1501 confessarii
3952 1463 4041 1498 ne·

2499 1542 2700 1601 queunt
2751 1535 3018 1602 stipendia
3072 1553 3170 1603 pro
3211 1538 3423 1600 Missis,
3461 1554 3590 1606 quas
3634 1533 4042 1605 poenitentibus

2500 1619 2839 1692 celebrandas
2868 1623 3185 1691 imponunt,
3215 1641 3268 1675 n.
3299 1626 3386 1675 11.
3416 1636 3468 1676 et
3494 1622 3740 1693 Append.
3786 1624 3839 1674 4.
3869 1622 3927 1673 in
3963 1623 4041 1675 E-

858 1716 994 1760 rent.
1017 1710 1070 1760 S.
1096 1708 1330 1778 Ignatius
1360 1713 1516 1774 cavit,
1536 1727 1601 1763 ne
1630 1713 1709 1763 sui
1734 1712 2041 1766 Sacerdotes
2070 1716 2396 1784 stipendium
2494 1708 2620 1776 Pl'sl·
2650 1707 2727 1761 ad
2752 1710 2916 1762 Pom·
2944 1710 2990 1783 §-
3023 1713 3180 1763 Haec
3206 1713 3614 1763 nonnullorum·

858 1812 959 1864 pro
986 1797 1147 1848 Missa
1175 1798 1500 1865 acciperent,
1530 1799 1565 1849 Ι.
1593 1799 1643 1850 3.
1676 1817 1723 1850 c.
1752 1799 1841 1851 22.
1872 1818 1925 1852 n.
1957 1804 2003 1853 1.

966 1885 1113 1936 Licet
1137 1902 1199 1938 ex
1223 1888 1484 1939 Ecclesiae
1517 1888 1904 1941 consuetudine
1932 1890 2041 1941 dari
2073 1908 2172 1959 pro
2203 1894 2399 1959 Missa,

866 1981 914 2025 et
944 1973 1113 2041 accipi
1146 1973 1413 2042 stipendia
1441 1975 1684 2043 possint:
1711 1978 1982 2044 cujusdam
2024 1988 2194 2031 tamen
2224 1982 2399 2034 Simo—

859 2061 981 2113 niae
1007 2078 1123 2113 reus
1150 2070 1246 2127 est,
1269 2061 1356 2130 qui
1392 2063 1660 2129 pactiones
1689 2080 1786 2132 pro
1814 2067 2006 2117 Missae
2034 2067 2304 2135 stipendio
2335 2072 2405 2122 fa·

858 2149 949 2211 cit,
988 2156 1039 2201 et
1071 2148 1203 2204 suda
1232 2149 1464 2202 deterior
1498 2160 1849 2221 nuncupatur,
1877 2155 1913 2206 l.
1953 2155 2003 2206 3.
2050 2171 2096 2206 c.
2128 2155 2217 2207 22.
2248 2172 2300 2207 η.
2348 2156 2402 2210 2.

854 2248 907 2290 et
931 2238 982 2289 3.

970 2325 1046 2378 Ad
1086 2325 1178 2378 bas
1222 2329 1544 2396 corruptelas
1581 2328 1932 2382 eliminandas
1976 2333 2127 2384 Sacra
2165 2333 2398 2385 Concilii

857 2412 1213 2482 Congregatio
1250 2415 1399 2482 plura
1436 2415 1729 2467 constituit.
1768 2417 1833 2470 V.
1871 2418 2231 2486 Congregatio
2266 2420 2399 2472 Con·

861 2500 1000 2551 eiiii.

972 2589 1242 2642 Sacerdoti
1278 2607 1460 2643 recens
1500 2590 1747 2643 ordinato
1772 2592 1900 2644 licet
1937 2591 1991 2643 in
2031 2593 2202 2660 prima
2239 2596 2400 2645 Missa

862 2673 925 2726 ad
954 2676 1222 2742 Populum
1252 2677 1306 2727 in
1337 2676 1515 2728 medio
1544 2676 1700 2727 Altari
1742 2694 1797 2729 se
1828 2688 2055 2745 vertere,
2094 2689 2146 2730 et
2172 2679 2402 2731 oblatio-

859 2779 985 2826 nes,
1014 2762 1122 2815 sive
1148 2765 1506 2831 eleemosynas
1533 2763 1797 2833 accipere,
1829 2782 1938 2816 non
1969 2775 2138 2819 tamen
2170 2766 2238 2817 ob
2268 2767 2402 2820 hanc

860 2867 1066 2902 causam
1091 2852 1377 2903 Ecclesiam
1419 2851 1672 2915 circuire,
1716 2853 1750 2902 l.
1791 2853 1840 2902 3.
1882 2870 1928 2904 c.
1969 2854 2020 2905 3.
2061 2870 2108 2905 c.
2137 2854 2224 2906 22.
2265 2873 2317 2906 n.
2349 2858 2399 2908 ὅ.

968 2937 1090 2991 Non
1121 2937 1244 2989 licet
1270 2937 1507 3005 accipere
1534 2954 1699 2990 unum
1728 2937 2075 3006 stipendium,
2104 2951 2159 2992 ut
2185 2943 2276 2993 uni
2301 2944 2402 3000 fru-

862 3032 975 3075 ctus
1012 3024 1205 3077 Missae
1241 3015 1655 3089 satisfactorias,
1708 3025 1885 3089 aliud,
1927 3037 1981 3077 ut
2016 3029 2161 3080 alteri
2203 3028 2402 3081 fructus

862 3108 1287 3181 impetratorius,
1316 3119 1368 3165 et
1392 3111 1533 3164 aliud
1555 3148 1569 3176 ‚
1599 3120 1656 3164 ut
1683 3112 1830 3165 alteri
1861 3114 2059 3166 fructus
2089 3115 2406 3184 specialissi-

864 3215 983 3252 mus
1008 3201 1329 3268 applicetur,
1359 3202 1395 3252 1.
1425 3202 1475 3253 3.
1505 3216 1552 3251 c.
1585 3200 1675 3253 22.
1704 3218 1757 3251 η.
1786 3202 1837 3252 4.

978 3287 1265 3353 Sacerdos,
1294 3288 1387 3357 qui
1418 3288 1489 3338 ob
1515 3287 1831 3339 beneficium
1850 3326 1864 3352 ,
1893 3299 1977 3341 aut
2007 3292 2403 3359 cappellaniam

866 3375 1113 3444 quotidie
1153 3394 1245 3444 per
1271 3395 1326 3429 se
1354 3376 1619 3429 celebrare
1656 3386 1892 3440 tenetur,
1918 3388 2093 3447 potest
2120 3382 2406 3451 aliquando

865 3463 1080 3515 Sacrum
1113 3465 1360 3518 omittere
1381 3502 1395 3526 ,
1420 3473 1472 3517 et
1498 3483 1682 3534 quare.
1705 3464 1768 3517 At
1793 3481 1939 3518 nunc
1967 3483 2075 3518 non
2105 3478 2281 3537 potest
2307 3488 2407 3538 pro

865 3553 972 3602 alio
1010 3552 1305 3616 celebrare,
1338 3563 1391 3605 et
1417 3553 1481 3603 ab
1520 3571 1586 3605 eo
1626 3554 1953 3621 stipendium
1993 3555 2261 3625 accipere,
2300 3558 2405 3610 nisi

864 3640 988 3708 pius
1016 3642 1263 3692 Testatur
1287 3640 1699 3699 celebrationem
1722 3643 1915 3694 Missae
1957 3642 2204 3695 duntaxat
2234 3646 2409 3714 requi-

866 3727 1046 3789 sierit,
1085 3729 1199 3793 ejus
1229 3745 1356 3779 vero
1394 3729 1809 3795 applicationem
1839 3730 2143 3783 Sacerdotis
2183 3731 2408 3784 arbitrio

863 3814 1171 3883 reliquerit,
1200 3814 1237 3865 1.
1265 3814 1313 3864 3.
1345 3831 1390 3864 e.
1419 3814 1508 3865 22.
1537 3833 1571 3866 α
1597 3833 1650 3866 n.
1679 3816 1730 3866 4.
1753 3816 1830 3868 od
1857 3819 1909 3869 8.
1938 3818 2280 3887 Eleemosyna
2308 3838 2409 3890 pro

864 3900 949 3954 bis
978 3902 1157 3954 Missis
1183 3901 1246 3954 ab
1274 3902 1583 3972 Episcopo,
1611 3912 1663 3956 et
1688 3920 1797 3955 non
1839 3923 1866 3955 a
1896 3906 2190 3959 Testatoris
2229 3907 2410 3961 haere-

868 3989 935 4043 de
961 3998 1037 4043 est
1064 3990 1470 4059 praescribenda
1491 4027 1505 4055 ,
1531 4008 1586 4041 n.
1609 3992 1662 4042 8.

976 4080 1375 4147 Eleemosynam
1414 4080 1678 4148 accipiens
1717 4087 1829 4131 taxa
1864 4079 2188 4134 Dioecesana
2231 4082 2411 4134 mino-

872 4185 980 4219 rem
1021 4167 1285 4220 celebrare
1323 4166 1495 4218 adbuc
1530 4174 1766 4230 tenetur,
1798 4176 1849 4219 et
1884 4170 2102 4220 Missam
2143 4170 2409 4239 applicare

873 4254 1016 4305 danti
1046 4256 1464 4322 eleemosynam,
1495 4252 1588 4304 lib.
1615 4253 1668 4304 2.
1701 4271 1747 4306 c.
1777 4254 1867 4305 22.
1907 4271 1963 4305 n.
1990 4256 2044 4309 5.
2073 4256 2409 4325 Stipendium

873 4358 999 4394 vero
1021 4342 1185 4393 solito
1208 4343 1374 4409 majus
1404 4342 1666 4409 recipiens
1693 4341 1851 4395 debet
1879 4343 2010 4394 illud
2041 4344 2300 4413 integrum
2328 4344 2414 4396 da·

872 4447 932 4482 re
959 4431 1266 4493 Sacerdoti,
1293 4447 1450 4499 quem
1481 4430 1584 4482 sibi
1613 4429 1677 4481 ad
1705 4429 2079 4483 celebrandum
2120 4432 2410 4499 substituit,

876 4519 949 4571 ib.
988 4519 1092 4586 Qui
1134 4520 1344 4585 exiguas
1384 4520 1744 4586 eleemosynas
1784 4538 1810 4569 a
1850 4518 2071 4571 diversis
2111 4522 2412 4589 congessit,

878 4616 957 4659 tot
981 4609 1167 4659 Missas
1196 4607 1460 4659 celebrare
1487 4606 1677 4671 debet,
1716 4616 1850 4675 quot
1875 4625 1974 4676 pro
2004 4610 2207 4660 ratione
2245 4626 2419 4661 susce·

877 4705 994 4763 ptae
1021 4697 1274 4763 pecuniae
1304 4694 1840 4764 celebrari'possuut‚
1871 4695 1942 4747 ih.

986 4783 1385 4850 Eleemosynam
1438 4801 1495 4834 ea
1549 4785 1836 4851 majorem,
1875 4801 2032 4853 quam
2072 4784 2417 4853 praescripsit

874 4872 1204 4941 Episcopus,
1244 4881 1294 4922 et
1333 4870 1475 4922 Laici
1517 4871 1896 4926 Sacerdotibus
1934 4888 2035 4940 pro
2072 4873 2233 4927 Missa
2273 4871 2413 4923 ultro

877 4959 1157 5024 exhibere,
1197 4967 1249 5012 et
1272 4958 1582 5013 Sacerdotes
1621 4961 1763 5012 ultro
1804 4959 2032 5011 oblatam
2061 4961 2297 5028 accipere
2335 4977 2416 5009 va-

874 5048 1005 5104 lent.
1028 5047 1362 5118 Reprobatur
1382 5049 1705 5119 Episcopus,
1731 5048 1830 5118 qui
1860 5047 1915 5099 id
1944 5046 2040 5098 sub
2070 5048 2308 5099 censuris
2336 5065 2417 5099 ve-

874 5140 1005 5202 tuit,
1035 5140 1069 5190 l.
1101 5139 1150 5190 3.
1181 5153 1211 5188 c
1254 5136 1339 5187 22.
1371 5154 1423 5190 n.
1452 5137 1502 5187 8.

986 5229 1113 5280 Sors
1154 5243 1259 5297 pro
1281 5228 1444 5277 Missa
1484 5233 1732 5293 perpetua
1772 5224 1835 5276 ad
1874 5225 1960 5276 30.
2004 5232 2145 5274 scuta
2183 5224 2415 5275 Romana

877 5318 976 5369 sub
994 5317 1315 5371 Innocentio
1334 5314 1472 5368 xm.
1505 5314 1708 5366 redacta
1735 5323 1816 5366 est
1834 5331 1933 5383 pro
1958 5313 2302 5383 Regularibus
2322 5311 2418 5361 im·

2607 1796 2920 1849 Benedictus
2954 1798 3117 1862 xlv„
3164 1817 3282 1850 cum
3311 1800 3704 1851 Bononiensem
3748 1797 4039 1849 Ecclesiam

2504 1893 2733 1953 regeret,
2760 1883 3027 1937 Parocbos
3054 1885 3272 1942 modum
3303 1887 3518 1939 edocuit
3544 1888 3933 1954 eleemosynam
3961 1887 4043 1953 ju-

2505 1980 2581 2023 ste
2610 1972 2891 2024 obtinendi
2922 1989 3025 2039 pro,
3052 1990 3230 2037 sacro,
3259 1974 3406 2043 quod
3435 1992 3614 2027 coram
3644 1990 3931 2042 egenorum
3961 1990 4045 2025 ea·-

2504 2059 2782 2113 daveribus
2831 2060 2988 2130 gratis
3029 2061 3082 2111 in
3109 2062 3362 2113 Parocbia
3409 2062 3730 2131 sepeliendis
3775 2060 4043 2113 celebran-

2503 2145 2628 2198 dum
2658 2157 2763 2212 est,
2794 2149 2830 2199 1.
2856 2148 2908 2200 3.
2938 2165 2981 2199 c.
3009 2147 3096 2198 22.
3126 2167 3178 2199 n.
3213 2150 3295 2201 13.

2609 2236 2742 2288 Cum
2789 2236 2855 2288 de
2882 2235 3117 2304 augenda
3145 2237 3424 2289 Missurum
3464 2236 3868 2293 adventitiarum
3907 2245 4044 2296 elee-

2504 2339 2722 2390 mosyna
2751 2325 2947 2375 Romae
2991 2333 3256 2391 ageretur,
3303 2326 3657 2394 Congregatio
3685 2329 3916 2382 Concilii
3964 2350 4043 2384 re-

2503 2410 2750 2477 spondit,
2778 2411 2924 2462 m’lu‘l
2947 2411 3341 2478 innovandum,
3372 2414 3407 2464 Ι.
3438 2414 3489 2466 3.
3517 2432 3565 2465 c.
3591 2414 3679 2465 22.
3711 2434 3744 2467 n
3798 2420 3881 2470 18.

2607 2498 2921 2549 Benedictus
2944 2499 3076 2551 xlv.
3108 2498 3204 2551 sub
3243 2500 3488 2569 gravibus
3518 2503 3707 2568 poenis
3734 2507 3923 2570 vetuit,
3972 2523 4044 2559 ne

2499 2584 2711 2649 Missae,
2737 2603 2835 2654 pro
2863 2586 3063 2655 quibus
3092 2587 3147 2637 in
3179 2605 3278 2639 una
3301 2588 3545 2641 Dioecesi
3569 2590 3783 2658 pinguis
3811 2602 3921 2644 taxa
3941 2603 4043 2646 sta·

2500 2679 2605 2722 tuta
2632 2683 2740 2737 est,
2770 2674 3113 2727 celebrandae
3143 2678 3620 2730 transmitterentur
3645 2680 3699 2730 in
3730 2680 3857 2732 alias
3883 2683 4041 2735 Dioe-

2499 2776 2672 2823 ceses,
2703 2761 2754 2811 in
2785 2762 2979 2830 quibus
3009 2763 3190 2814 minor
3215 2772 3297 2815 est
3323 2773 3462 2827 taxa,
3513 2764 3569 2816 ἰη
3595 2767 3764 2818 Brevi
3788 2770 4039 2836 Apostol.

2493 2859 2632 2914 pose.
2662 2866 2778 2918 cap.
2802 2849 2888 2899 22.
2914 2861 2966 2901 ee
2992 2850 3236 2920 Append.
3265 2853 3298 2903 4
3348 2852 3406 2903 in
3433 2853 3537 2904 liet.
3566 2856 3758 2923 Δροσί.
3779 2855 3826 2929 5.
3862 2861 4038 2923 Quom

2498 2953 2652 2987 vero.

2607 3025 2951 3094 Eleemosyna
2975 3025 3304 3078 Beneficiatis
3321 3063 3335 3090 ‚
3375 3035 3462 3078 aut
3486 3027 3865 3081 Mansionariis
3884 3068 3899 3093 ,
3943 3033 4040 3101 qui

2500 3112 2716 3165 Missam
2745 3115 3147 3173 conventualem
3176 3123 3390 3179 canant,
3416 3123 3469 3168 et
3494 3115 3922 3171 benefactoribus
3951 3135 4046 3188 ap-

2501 3201 2733 3268 plicent,
2784 3219 2845 3252 ex
2871 3206 3041 3253 Massa
3072 3201 3515 3254 distributionum
3559 3203 3884 3257 desumenda
3931 3215 4039 3272 est,

2502 3287 2750 3358 Append.
2779 3291 2832 3340 7.
2860 3290 3023 3363 518.

2611 3379 3009 3446 Eleemosynam
3030 3380 3229 3430 nullam
3259 3377 3346 3430 die
3371 3380 3902 3432 commemorationis
3929 3398 4045 3433 om-

2506 3466 2654 3517 nium
2681 3467 2951 3519 Fidelium
2979 3468 3362 3518 Defunctorum
3393 3484 3492 3534 pro
3512 3467 3673 3518 Missa
3699 3469 3938 3535 accipere
3957 3471 4046 3521 Sa-

2510 3553 2749 3606 cerdotes
2775 3555 2880 3607 sere
2907 3570 3093 3605 omnes
3116 3555 3307 3605 solent.
3330 3553 3580 3620 Append.
3607 3554 3659 3605 4.
3687 3554 3742 3606 in
3765 3554 3941 3622 Epist.
3970 3556 4050 3606 ad

2506 3643 2669 3693 Pom.
2717 3643 2764 3716 5.
2794 3644 2872 3695 Ae
2916 3658 3037 3692 cum
3082 3639 3313 3709 aliquid.
3341 3642 3517 3693 Immo
3562 3642 3705 3694 inter
3730 3642 4045 3713 Theologos

2507 3729 2735 3780 morales
2760 3736 3156 3780 controversum
3181 3736 3290 3792 est,
3327 3745 3390 3778 an
3430 3746 3493 3780 eo
3521 3727 3609 3780 die
3651 3730 4044 3797 eleemosynam

2507 3833 2604 3885 pro
2630 3816 2790 3868 Missa
2834 3816 3070 3883 accipere
3112 3815 3295 3879 liceat,
3323 3814 3444 3867 ead.
3473 3814 3721 3886 Append.
3748 3816 3801 3867 4.
3845 3817 3903 3868 in
3936 3817 4042 3870 liu.

2508 3904 2697 3972 Apost.
2725 3903 2772 3976 5.
2802 3902 3062 3956 Novimus
3078 3914 3130 3955 ee
3149 3920 3296 3970 seqq.

2612 3992 3008 4059 Eleemosynam
3056 4008 3157 4060 pro
3201 3991 3394 4044 Missae
3440 3991 3797 4044 celebratione
3847 3992 4047 4062 pacisci

2508 4076 2818 4131 detestabile
2844 4087 2942 4132 est.
2971 4077 3222 4148 Append.
3270 4079 3320 4129 4.
3346 4078 3394 4151 5.
3424 4080 3540 4130 Per
3559 4091 3628 4131 ee.
3655 4079 3839 4147 Repeti
3870 4088 4046 4135 tamon

2509 4174 2682 4234 potest
2705 4168 3037 4235 eleemosyna
3066 4165 3128 4217 ab
3156 4164 3439 4235 Episcopis
3458 4203 3472 4230 ,
3523 4175 3611 4218 aut
3634 4167 3898 4220 Conciliis
3947 4176 4050 4219 sta-

2510 4261 2615 4304 tuta
2638 4271 2738 4321 pro
2765 4254 2962 4314 Missis,
2993 4272 3126 4322 quae
3153 4255 3271 4304 aliis
3298 4253 3508 4318 diebus,
3537 4254 3707 4307 immo
3734 4256 3891 4308 etiam
3912 4272 4050 4324 quae

2511 4342 2564 4392 in
2589 4343 2923 4395 solemnitate
2947 4342 3145 4394 Natalis
3172 4342 3390 4394 Domini
3421 4340 3774 4408 celebrantur,
3803 4341 4050 4394 dummo-

2512 4428 2582 4479 do
2620 4428 2832 4480 avaritia
2875 4427 3028 4479 absit.
3062 4426 3309 4494 Append.
3337 4427 3387 4477 4.
3418 4427 3474 4478 in
3502 4427 3681 4496 Epist.
3708 4428 3785 4480 ad
3806 4430 3966 4480 Pone.
3994 4429 4047 4503 5.

2511 4516 2741 4568 Minime
2768 4515 2872 4567 hoc
2897 4528 2948 4566 ee
2975 4516 3029 4566 in
3057 4515 3189 4568 Lite.
3220 4517 3394 4584 Apost
3440 4513 3488 4587 5.
3519 4514 3746 4568 Scimus.
3781 4516 3840 4567 In
3867 4517 4052 4584 Hispa-

2513 4604 2716 4654 niarum
2746 4621 2899 4666 vero,
2947 4612 2998 4654 et
3033 4596 3334 4654 Lusitaniae
3379 4600 3709 4667 ditionibus,
3751 4602 3808 4654 in
3854 4602 4052 4671 quibus

2511 4689 2820 4744 Benedictus
2844 4691 2976 4743 XIV.
3006 4690 3256 4753 indulsit,
3286 4699 3343 4741 ut
3376 4690 3465 4743 die
3518 4691 4053 4743 commemorationis

2514 4778 2755 4829 omnium
2792 4777 3059 4830 Fidelium
3097 4776 3484 4829 Defunctornm
3527 4776 3756 4847 quilibet
3791 4776 4053 4829 Sacerdos

2514 4874 2617 4917 tres
2641 4866 2831 4917 Missas
2857 4862 3120 4928 celebret,
3148 4866 3366 4916 vetitum
3415 4872 3495 4916 est
3520 4879 3620 4932 pro
3658 4862 3727 4913 iis
3755 4861 4056 4932 eleemosy-

2513 4969 2631 5004 nam
2662 4952 2924 5021 accipere,
2952 4951 3024 5003 ib.

2623 5039 3021 5108 Turpissimum
3042 5046 3122 5091 est
3141 5037 3446 5090 Sacerdotes
3468 5054 3523 5089 se
3551 5037 3709 5091 veluti
3736 5038 3945 5090 venales
3968 5053 4056 5089 ex·

2518 5142 2715 5195 ponere
2742 5126 2805 5178 ad
2828 5128 3219 5194 eleemosynam
3247 5141 3347 5193 pro
3374 5125 3568 5177 Missae
3595 5124 3951 5178 celebratione
3973 5141 4055 5174 ca-

2517 5214 2781 5283 ptandam.
2816 5212 3062 5283 Append.
3090 5214 3141 5266 4.
3197 5210 3255 5265 in
3279 5211 3454 5282 Epist.
3510 5210 3585 5264 ad
3629 5215 3796 5265 Pom.
3847 5212 3896 5285 5.
3939 5214 4057 5265 Nee

2515 5302 2884 5357 omittendum.
