4487 6316
171 3729 237 3769 E·
288 3724 464 3770 noveno

174 3784 351 3827 vttidie·
400 3798 463 3826 ⁸·-

169 3845 324 3884 seritur
350 3848 467 3883 vetu-

166 3906 256 3941 sta·
276 3898 469 3955 discipli-

167 3969 247 3997 nae
261 3955 465 3999 rectu-ndi

165 4021 326 4056 neceto
377 4015 461 4055 c·-

169 4083 335 4113 οοοοω.

1787 511 1912 564 Lm.
1942 511 2018 569 11.
2054 510 2198 563 cst).
2234 509 2434 565 xxm..

3441 482 3541 563 ¹m

519 657 654 738 pler,
707 657 975 735 quomodo
1028 666 1156 731 tome
1207 658 1532 734 qratiarum
1582 656 1794 737 actioni
1837 656 2067 732 subjicet
2184 674 2531 716 consecrare
2560 674 2809 736 panem,
2842 664 2904 725 et
2933 656 3174 729 vinum,
3209 656 3736 737 ideoqueadpre-

520 749 638 808 Deo
684 759 943 810 sanctum
990 750 1141 808 illud
1174 749 1396 809 Amen?
1432 742 1730 828 Siquidem
1751 798 1767 820 ,
1803 750 1942 828 quid
1983 749 2072 807 di-

517 863 611 903 cas
640 890 656 913 ,
699 863 836 903 nono
855 846 1031 903 novit.
1071 843 1156 903 Tu
1207 855 1413 914 autem,
1440 846 1633 925 pulcre
1662 846 1880 922 gratias
1905 845 2070 923 aqis,

519 938 614 998 sed
652 940 804 998 alius
844 957 959 997 non
982 938 1346 1019 aedificatur.
1387 939 1469 997 Et
1497 957 1698 1000 rursus
1728 940 1792 997 in
1832 957 1897 997 ea
1932 933 2074 1015 quac

522 1042 601 1091 est
629 1033 705 1092 ad
728 1031 1038 1102 Romanos,
1068 1034 1147 1092 sic
1173 1034 1334 1092 elicit:
1368 1017 1547 1093 Corde
1576 1034 1799 1111 quidem
1824 1034 2074 1094 caditur

518 1125 596 1184 ad
617 1125 930 1201 justitiam,
962 1122 1055 1184 ore
1081 1137 1270 1185 autem
1304 1124 1586 1204 Confessio
1614 1126 1677 1206 fit
1705 1126 1782 1186 ad
1807 1128 2066 1191 salutem.

517 1217 736 1278 Idcirco
764 1220 945 1296 iqitur
977 1212 1227 1279 convenit
1257 1267 1273 1290 ,
1306 1230 1371 1291 ut
1396 1241 1460 1280 ea
1487 1221 1736 1299 precatio
1760 1266 1777 1289 ,
1825 1238 1968 1296 quae
2009 1220 2072 1277 in

516 1323 715 1373 sancta
742 1314 1023 1377 oblatione
1062 1314 1307 1385 dicitur,
1341 1324 1393 1375 et
1425 1316 1577 1375 aliae
1602 1311 1910 1379 ,Orationes
1947 1333 2073 1400 cum

518 1426 642 1467 voce
665 1428 703 1468 a
731 1410 1095 1468 sanctissimis
1128 1408 1423 1489 Episcopis
1466 1419 1517 1469 et
1548 1407 1897 1487 presbyteris
1938 1427 2072 1487 pro-

518 1501 782 1578 ferantur
810 1500 1052 1563 Domino
1074 1510 1264 1561 nostro
1300 1502 1439 1562 Jesu
1470 1498 1698 1562 Christo
1742 1501 1855 1561 Deo
1885 1510 2073 1560 nostro

517 1615 645 1655 cum
656 1595 849 1655 ’Patre
875 1607 924 1654 et
950 1595 1183 1673 Spiritu
1202 1595 1438 1657 Sancto:
1466 1598 1693 1657 scituris
1720 1597 2072 1674 reliqiosisei-

523 1690 630 1747 mis
675 1687 1072 1749 Sacerdotibus
1095 1736 1111 1758 ,
1142 1691 1303 1767 -quocl
1340 1692 1392 1749 si
1426 1691 1565 1768 quid
1597 1691 1795 1749 horum
1834 1700 2073 1749 contem·
2134 1750 2139 1755 ,

510 1785 750 1861 pserint,
776 1794 827 1842 et
855 1784 1129 1842 horrendo
1154 1782 1260 1843 Dei
1287 1796 1337 1843 et
1360 1783 1691 1845 ‘Salvator-is
1724 1786 1905 1853 nostri
1933 1782 2071 1843 Jesu

519 1876 740 1936 Christi
748 1948 753 1955 ,
758 1878 979 1955 judicio
998 1880 1274 1938 rationem
1295 1879 1579 1938 reddituri
1597 1890 1752 1948 sunt,
1774 1889 1825 1938 ct
1844 1898 1942 1949 nos
1961 1880 2071 1945 ista

517 1964 889 2051 coqnoscentes
909 2018 931 2042 ,
967 1991 1082 2032 non
1110 1973 1487 2050 relinquemus
1524 1975 1718 2051 quieta
1742 1984 1793 2037 et
1835 1974 2026 2051 inulta
2047 2016 2065 2034 .

519 2063 793 2152 Profecto
845 2064 1223 2127 lastinianus
1279 2066 1356 2126 ad
1406 2065 1753 2127 Sacrarium
1801 2066 2068 2128 admovit

528 2176 799 2235 mannm3
824 2178 933 2220 nec
962 2170 1105 2220 sane
1125 2159 1415 2239 ejusmodi
1447 2160 1690 2239 probari
1714 2169 1901 2240 potest
1922 2161 2073 2221 Con-

528 2251 760 2314 stitutio
794 2298 811 2325 ,
863 2253 1027 2332 quod
1070 2252 1251 2314 etiam
1295 2255 1575 2317 observat
1620 2256 1709 2317 De
1751 2257 1954 2317 Mai-ca
2005 2254 2071 2316 in

528 2346 857 2425 Concordia
882 2347 1210 2409 sacerdotii
1237 2356 1298 2410 et
1325 2350 1569 2430 Imperii
1598 2350 1706 2411 lib.
1742 2355 1804 2410 Ξ.
1836 2370 1966 2430 cap.
2006 2356 2064 2410 6.

515 2440 714 2517 Qu'are
744 2434 952 2513 vereor,
974 2463 1042 2503 ne
1067 2442 1469 2505 lastinianum
1489 2446 1760 2511 damnare
1780 2464 2069 2531 cogamur,-

507 2536 659 2614 quod
691 2537 757 2596 de
786 2555 981 2598 sacrae
1013 2534 1311 2615 Liturqiae
1339 2538 1570 2598 Ritibus
1604 2535 2071 2598 Constitutionem

512 2629 769 2701 ediderit,
803 2651 918 2710 qua
942 2632 1180 2710 mystica
1204 2633 1371 2692 verba
1387 2633 1815 2706 consecrationis
1841 2632 2070 2693 Eucha-
2108 2624 2115 2630 ³

512 2724 710 2784 ristiae
742 2724 892 2785 elata
918 2743 1041 2784 voce
1064 2771 1081 2795 ,
1114 2744 1227 2782 non
1257 2735 1446 2786 autem
1467 2726 1704 2786 demissa
1731 2773 1747 2795 ,
1778 2736 1840 2785 ut
1868 2727 2066 2785 solem-

512 2836 580 2878 ne
599 2827 744 2888 erat,
772 2818 1022 2897 proferri
1037 2819 1218 2896 jubet,
1240 2829 1306 2878 ut
1331 2821 1434 2897 qui
1462 2821 1645 2879 locum
1669 2808 1809 2881 tenet
1833 2821 2062 2890 idiotae,

512 2910 692 2972 Amen
731 2914 1009 2972 succinere
1036 2914 1232 2992 possit.
1280 2913 1691 2992 Praeterquam
1734 2915 1880 2993 quod
1917 2916 2065 2974 enim

512 3008 577 3068 de
602 3007 746 3069 Ritu
771 3007 1179 3087 sacrificiorum
1206 3008 1489 3068 decernere
1518 3000 1725 3079 teniat,
1757 3012 1899 3086 qua'e
1929 3028 2064 3089 pars

511 3102 845 3183 disciplinae
867 3103 1000 3163 solis
1035 3101 1430 3163 Sacerdotibus
1458 3105 1715 3184 competit
1741 3151 1757 3174 ,
1799 3106 2062 3182 antiquos

510 3194 797 3257 Ecclesiae
825 3217 998 3258 mores
1019 3198 1314 3267 sollicitat,
1339 3200 1473 3276 qui,
1498 3208 1561 3257 ut
1590 3198 1901 3280 reverentia
1927 3199 2065 3280 My-

504 3291 692 3349 steriis
722 3291 1122 3350 conciliaretur
1139 3338 1155 3361 ,
1183 3310 1369 3371 preces
1395 3287 1658 3370 mysticas
1682 3292 1917 3353 demissa
1944 3311 2065 3354 roce

499 3384 755 3462 proferri
791 3386 1186 3455 induxerant,
1229 3396 1295 3444 ut
1335 3395 1572 3445 testamr
1617 3384 1899 3459 Basilius.
1944 3386 2061 3447 Sed

506 3478 587 3538 ab
622 3477 737 3539 hoc
779 3477 1105 3539 lastiniani
1134 3498 1304 3548 ,ausu
1348 3479 1646 3559 quaedam
1694 3478 2059 3554 eliciuntur,

506 3590 663 3651 quae
689 3581 928 3632 nostrae
953 3592 1167 3634 causae
1198 3571 1452 3634 mirifice
1480 3572 1702 3635 favent.

626 3668 721 3726 14.
773 3666 864 3726 Ad
897 3666 1409 3746 Constitutioneni
1426 3687 1596 3728 suam
1629 3666 2056 3748 constabilien-

509 3760 649 3841 dam
679 3781 801 3821 non
829 3762 1003 3824 affert
1025 3765 1289 3824 veterem
1319 3761 1698 3824 lastinianus
1737 3770 2056 3830 consuetu-

511 3853 712 3914 dinem
739 3902 755 3925 ,
789 3874 915 3935 qua
946 3853 1025 3935 (si
1058 3874 1195 3936 qua·
1217 3854 1448 3935 fuisset)
1482 3854 1744 3935 profecto
1778 3874 1921 3915 usus
1935 3867 2056 3916 zes-

507 3956 614 4008 set.
645 3949 825 4021 Quod
856 3948 1147 4010 indicium
1194 3949 1370 4022 facit,
1400 3948 1660 4010 Canonis
1685 3956 2056 4030 precesante

504 4042 914 4104 Justinianum
936 4043 1189 4105 demissa
1217 4063 1363 4104 voce
1388 4043 1630 4105 recitari
1652 4042 2045 4104 consuevisse.

497 4135 705 4216 Neque
726 4135 908 4198 etiam
934 4136 1103 4210 dicit,
1128 4137 1454 4216 quamdam
1476 4128 1692 4210 Missae
1714 4144 1942 4216 partem
1968 4145 2054 4197 to-

499 4249 580 4291 no
614 4230 853 4300 recitari
881 4230 1119 4292 solitam
1147 4231 1351 4292 cantui
1380 4217 1651 4311 opposito
1679 4279 1695 4301 ,
1723 4231 1825 4291 sed
1856 4250 2049 4291 secre-

499 4333 559 4385 to
581 4369 598 4396 ,
631 4344 824 4405 eaque
850 4345 994 4387 voce
1018 4370 1036 4399 ,
1067 4345 1223 4406 quae
1252 4345 1371 4386 non
1400 4325 1715 4388 audiretur
1738 4347 1760 4393 ,·
1792 4321 2049 4404 ideoque

366 4459 373 4464 -
488 4420 698 4500 jubet,
737 4420 1015 4501 deinceps
1058 4421 1295 4482 recitari
1326 4441 1440 4480 non
1469 4423 1531 4479 in
1556 4430 1757 4480 secreto
1798 4420 1892 4479 sed
1918 4439 2046 4479 cum

2183 750 2479 811 cationem
2499 749 2691 828 finem
2721 753 2874 812 bene
2916 758 3105 830 potest
3131 751 3491 830 respondere
3519 750 3698 813 Amen
3715 795 3729 810 .

2185 845 2558 919 Locusalter
2590 846 2878 926 Apostoli}
2915 844 3094 906 Corde
3119 842 3370 919 creditur
3394 845 3471 905 ael
3500 846 3734 922 injusti-

2185 942 2348 1011 tiam,
2373 952 2682 1023 orelautem
2707 940 3052 1022 consessiofi't
3077 941 3152 999 ad
3172 941 3433 1018 salutem,
3462 939 3616 1000 nihil
3643 940 3737 1001 iti-

2183 1033 2590 1112 demprobat3
2621 1032 2970 1095 referendus
2995 1033 3157 1094 enim
3191 1040 3276 1094 est
3309 1032 3505 1115 potius
3532 1033 3608 1093 ad
3633 1033 3733 1093 Fi-

2182 1126 2279 1187 dei
2303 1127 2682 1208 Symbolum,
2702 1138 2902 1208 quam
2928 1127 3226 1188 Fidelium
3253 1134 3583 1187 cenventus
3607 1146 3737 1188 eor-

2182 1220 2260 1296 de
2277 1220 2487 1294 credit,
2520 1229 2581 1283 et
2607 1242 2718 1315 ore
2731 1222 3069 1284 confitetur.
3097 1221 3273 1296 Quod
3295 1220 3508 1282 attinet
3530 1222 3605 1282 ad
3633 1241 3736 1282 no-

2181 1313 2431 1382 vitatem
2449 1334 2483 1376 a
2507 1316 2849 1377 lustiniauo
2873 1316 3191 1387 invectam,
3219 1336 3362 1376 sane
3384 1316 3590 1398 negari
3609 1325 3731 1377 uon

2181 1416 2394 1489 potest3
2428 1410 2578 1490 quin
2608 1431 2785 1471 suum
2819 1410 2880 1471 in
2909 1409 3218 1490 aliquibus
3249 1410 3514 1472 Odentis
3539 1411 3734 1492 regio-

2164 1502 2363 1582 nibus
2384 1522 2453 1564 ea
2474 1503 2831 1567 Constitutio
2857 1502 3192 1566 obtinuerit
3217 1504 3529 1577 effectum;
3564 1504 3729 1583 quod

2164 1596 2324 1657 ‚satis
2365 1597 2701 1664 ostenditur
2730 1617 2806 1658 ex
2834 1616 2905 1658 eo
2928 1594 2968 1670 ,’
2988 1598 3150 1677 quod
3177 1598 3252 1659 de
3296 1598 3489 1674 tribus
3526 1598 3731 1678 pueris

2181 1689 2565 1751 narravimus
2590 1735 2607 1761 ‚
2653 1689 2924 1771 utetiam
2945 1686 3379 1775 animadvertit
3405 1691 3733 1752 Menardus

2181 1783 2246 1844 in
2276 1783 2434 1868 notis
2465 1784 2542 1845 ad
2574 1783 2800 1845 librum
2828 1784 3350 1845 Sacramentorum
3382 1784 3443 1844 S.
3477 1786 3728 1867 Gregor.

2159 1882 2488 1960 ·pag..'389'.
2527 1876 2732 1940 Oratio
2773 1867 2900 1939 cum
2925 1880 3103 1939 verbis
3140 1882 3562 1940 consecratoriis
3594 1874 3732 1939 olim

2177 1968 2241 2032 in
2260 1970 2596 2051 quibusdam
2624 1975 2755 2033 locis
2775 1975 2901 2034 alta
2923 1983 2973 2034 et
2994 1975 3157 2034 clara
3180 1993 3298 2037 voce
3318 1970 3725 2053 proferebatur,

2177 2077 2241 2126 ut
2274 2079 2513 2137 testatur
2536 2067 2784 2128 Joannes
2804 2068 3094 2132 Moschus:
3120 2066 3404 2143 Quoniam
3423 2070 3486 2127 in
3507 2071 3734 2146 quibus-

2178 2162 2312 2232 dam
2336 2164 2465 2222 loeis
2487 2163 2797 2243 ctaravoco
2811 2165 3185 2242 pronuntiare
3202 2164 3376 2222 solent
3403 2159 3733 2224 Orationem

2186 2254 2506 2316 Oblationis
2544 2256 2869 2336 Presbyteri
2892 2259 3161 2336 ,factum
3197 2267 3306 2327 est,
3340 2268 3406 2316 ut
3436 2278 3558 2318 eam
3588 2279 3727 2338 pue-

2177 2352 2236 2409 ri
2271 2351 2616 2419 didicerint:
2650 2345 2833 2432 idque
2865 2351 3124 2433 ingenue
3152 2351 3373 2412 fatetur
3406 2353 3487 2412 Le
3520 2354 3681 2417 Brun
3708 2374 3725 2426 ς

2176 2463 2551 2524 quamquam
2584 2445 2842 2506 ostendit
2880 2444 3217 2506 Orientales
3244 2444 3483 2524 'aliquot
3526 2446 3728 2507 Eccle-

2176 2537 2296 2600 sias
2322 2558 2609 2600 arcanum
2636 2546 2696 2600 et
2717 2538 3022 2599 silentium
3048 2585 3064 2612 ,
3095 2538 3319 2600 frustra
3344 2539 3730 2602 ealustinia-

2177 2633 2241 2697 ni
2274 2632 2617 2715 refragante
2645 2632 3116 2706 Constitutione,
3154 2633 3471 2697 retinuisse
3492 2678 3508 2706 ,
3539 2642 3606 2693 ut
3632 2634 3726 2695 vi·

2175 2726 2319 2788 dere
2346 2736 2435 2788 est
2461 2737 2606 2789 tom.
2633 2730 2704 2812 b.
2733 2746 2868 2808 pag.
2900 2731 3038 2788 254.
3070 2734 3130 2787 et
3159 2746 3284 2806 seq.
3318 2725 3503 2805 idque
3531 2747 3606 2787 ex
3627 2727 3726 2787 Ri-

2175 2828 2239 2881 tu
2282 2820 2464 2881 etiam
2488 2864 2505 2893 ,
2537 2840 2716 2900 quem
2746 2840 2929 2900 supra
2959 2820 3426 2895 memoravimus
3454 2864 3470 2892 ,
3519 2839 3725 2904 recen-

2177 2911 2397 2997 tiorum
2432 2914 2798 2999 Graecorum
2836 2921 3125 2994 apparet,
3165 2913 3272 2993 qui
3307 2932 3453 2974 voce
3480 2913 3726 2993 quidem

2170 3005 2329 3068 elata
2356 3008 2552 3078 verba.
2567 3007 3042 3069 Consecratio'nis
3062 3053 3079 3080 ,
3120 3007 3376 3069 demissa
3402 3026 3547 3070 vero
3574 3007 3726 3070 alias

2171 3100 2493 3183 Orationes
2521 3102 2779 3165 Canonis
2804 3101 3141 3187 proferunt²

2295 3202 2387 3257 15.
2418 3197 2647 3271 Quinto
2665 3196 3003 3277 quaeritur,
3034 3191 3120 3257 an'
3143 3194 3332 3264 ullam
3358 3195 3727 3257 inOoeiden-

2176 3289 2353 3351 talem
2395 3290 2719 3352 Ecclesiam
2749 3288 3076 3351 lastiniani
3121 3288 3479 3374 Constitutio
3517 3288 3717 3350 varia-

2160 3383 2396 3445 tionem
2425 3384 2742 3446 invexerit.
2768 3385 2846 3445 Et
2875 3383 3131 3445 fidenter
3157 3381 3339 3463 plane
3367 3381 3598 3443 nullam
3623 3402 3718 3442 re-

2169 3478 2549 3558 spondemus.
2582 3479 3071 3540 Vetustissimum
3106 3476 3266 3538 enim
3298 3476 3504 3544 Ritum
3536 3496 3723 3537 secre-

2163 3579 2222 3632 to
2254 3572 2541 3634 recitandi
2560 3569 2882 3635 ‘Canonem
2920 3579 2981 3633 et
3015 3570 3491 3642 Consecrationis
3535 3571 3722 3632 verba

3832 3236 4056 3279 Justiuiani

3768 3292 3940 3334 Novella
3951 3293 4056 3336 nitu!

3759 3359 3962 3392 mutatum
4009 3353 4053 3392 iu

3764 3406 3990 3450 Occidente
4011 3439 4024 3461 ,

3764 3476 3839 3505 nee
3871 3481 4054 3521 unqssflss·

3783 3522 4035 3564 intermissu:

3763 3584 4053 3621 ritu-‘recitan-

3762 3634 3807 3675 ὼ
3843 3638 4052 3679 Cononem

2167 3664 2565 3728 Occidentalis
2597 3667 2857 3739 Ecclesia
2892 3665 3124 3747 semper
3152 3665 3422 3727 retinuit.
3459 3665 3716 3726 Abunde
3755 3700 3926 3737 nano.

2167 3759 2226 3820 id
2260 3751 2474 3839 probat
2510 3762 2591 3821 Le
2622 3763 2788 3822 Brun
2825 3759 2967 3822 toni.
3015 3765 3072 3820 4.
3116 3779 3252 3841 pag.
3294 3764 3434 3836 1332
3462 3759 3721 3840 prolatis

2163 3853 2661 3926 Sacramentariis
2687 3901 2703 3926 ‚
2739 3855 3114 3942 Missalibus,
3144 3862 3205 3915 et
3231 3853 3716 3915 Ordinibusllo-

2167 3948 2382 4024 manis,
2415 3949 2641 4029 quibus
2663 3949 2998 4014 ostenditur
3024 3967 3169 4009 usus
3194 3956 3554 4026 secretarum
3583 3966 3717 4026 pre-

2162 4062 2301 4103 cum
2333 4043 2396 4104 in
2426 4044 2606 4105 Missa
2640 4063 2747 4124 per
2772 4063 2844 4105 ea
2883 4053 3184 4126 tempora,
3225 4045 3382 4123 q'uae
3420 4031 3711 4102 lustiniass-

2162 4137 2226 4197 ni
2261 4137 2765 4199 Constitutionem
2803 4138 3080 4219 proxime
3116 4145 3258 4198 sunt
3302 4143 3710 4215 consequuta.

2160 4230 2336 4303 Quod
2366 4231 2416 4291 si
2454 4250 2670 4313 graves
2707 4231 2943 4311 fideque
2966 4232 3180 4314 dignos
3208 4238 3342 4310 post
3375 4229 3455 4289 X.
3499 4248 3705 4289 saecu-

2158 4323 2288 4397 lum
2313 4328 2599 4387 Auctores
2637 4327 2806 4388 adire
2833 4326 3017 4388 libeat
3038 4372 3054 4399 ,
3088 4325 3193 4406 qui
3222 4324 3588 4403 scripserunt
3628 4323 3710 4384 de

2156 4419 2373 4481 Missae
2388 4419 2716 4494 Sacrificio,
2742 4440 2889 4496 sane
2917 4439 3035 4481 non
3061 4419 3276 4480 desunt
3297 4416 3701 4486 auctoritates,

495 4535 561 4575 ea
604 4535 727 4575 voce
753 4563 766 4584 ‚
813 4535 955 4592 quae
995 4517 1365 4576 eoeaudiatur.
1400 4515 1592 4595 Igitu'r
1619 4514 1890 4573 submissa
1921 4533 2043 4572 wce
2152 4513 2377 4592 quibus
2397 4513 2754 4586 ostenditur,
2776 4513 2838 4574 in
2860 4510 3226 4575 occidentali
3248 4508 3508 4570 Ecclesia
3530 4523 3710 4567 nnm-

496 4617 617 4668 non
640 4608 958 4690 significat,
989 4610 1150 4689 quod
1172 4608 1543 4670 contendunt
1568 4608 1914 4680 NovatoreS,
1942 4626 2043 4667 vo·
2150 4626 2337 4689 quam
2362 4608 2652 4689 eiusmodi
2702 4607 2907 4686 Ritum
2952 4625 3077 4666 esse
3111 4602 3536 4668 intermissum.
3586 4602 3700 4661 Te-

492 4721 619 4762 oem
646 4702 848 4763 cantui
884 4702 1253 4783 oppositam,
1297 4703 1399 4763 sed
1427 4720 1585 4782 quae
1616 4702 1702 4762 ab
1748 4699 1886 4761 aliis
1911 4745 1927 4773 ,
1973 4708 2041 4762 ut
2145 4708 2340 4762 statur
2368 4701 2428 4762 id
2462 4701 2844 4762 Innocentius
2874 4699 3141 4770 Tertius,
3180 4696 3439 4772 Belletus
3463 4721 3496 4767 ,=
3521 4694 3704 4776 Hugo

490 4813 672 4874 supra
701 4795 1084 4869 monuimus,
1116 4816 1238 4857 non
1279 4795 1582 4857 audiatur.
1626 4793 1816 4854 Affert
1849 4792 2037 4857 lusti·
2148 4793 2222 4856 de
2258 4794 2318 4856 S.
2360 4795 2602 4856 Victore
2630 4841 2647 4867 ,
2689 4788 2973 4855 Albertus
3002 4793 3258 4878 Magnus
3298 4797 3439 4851 tom.
3482 4792 3580 4848 21.
3622 4787 3700 4848 de

490 4888 706 4950 nianus
726 4891 799 4950 D.
833 4888 1003 4951 Pauli
1033 4887 1242 4960 verba,
1273 4908 1431 4970 quae
1455 4907 1599 4949 sane
1623 4887 1699 4948 ad
1722 4886 1879 4948 banc
1907 4906 2037 4948 rem
2144 4888 2450 4950 Sacrificio
2479 4889 2694 4949 Missae
2719 4886 3181 4974 disputationem
3209 4889 3302 4945 10.
3332 4885 3404 4944 D.
3434 4882 3696 4943 Thomas

487 4981 642 5042 nihil
666 4982 990 5062 pertinent:
1022 4984 1097 5044 de
1114 4983 1189 5044 iis
1209 4982 1373 5044 enim
1396 4979 1715 5061 Apostolus
1735 4980 2029 5061 loquitur,
2144 4989 2201 5044 3.
2239 4993 2299 5064 p.
2325 5004 2396 5065 .q.
2430 4989 2528 5044 83.
2559 4992 2674 5044 art.
2708 4987 2766 5054 4.
2800 4982 2904 5042 ubi
2933 4981 3050 5054 ait,
3078 4978 3455 5042 Sacerdotem
3481 4995 3553 5037 ea
3577 4974 3694 5036 cla·

485 5076 732 5155 quinon
766 5076 963 5138 solum
989 5079 1175 5139 verba
1201 5097 1324 5138 non
1357 5076 1793 5157 intelligebant,
1827 5076 1931 5136 sed
1952 5094 2031 5136 ne
2141 5097 2211 5141 ra
2238 5098 2385 5139 voce
2409 5078 2636 5150 dicere,
2669 5096 2824 5157 quae
2851 5076 2927 5137 ad
2956 5096 3019 5137 se
3050 5082 3111 5136 et
3130 5074 3204 5135 ad
3235 5072 3555 5152 Populum,
3587 5069 3693 5130 de-

483 5169 634 5240 illud
668 5171 911 5250 quidem
942 5167 1255 5245 noverant,
1286 5172 1360 5232 de
1390 5190 1512 5251 quo
1538 5189 1735 5242 sermo
1760 5179 1933 5231 esset:
1962 5168 2030 5229 il·
2124 5161 2319 5232 ‘missa
2348 5191 2493 5233 vero
2518 5190 2676 5251 quae
2713 5170 2787 5231 ad
2817 5189 2879 5231 se
2911 5167 3107 5231 solum
3146 5166 3487 5247 pertinent,
3529 5162 3689 5242 ejus-

482 5263 758 5346 le'igitur
793 5263 956 5327 locus
998 5287 1119 5326 uon
1159 5264 1447 5347 congruit
1472 5264 1560 5327 rei
1577 5309 1609 5337 ,,
1629 5265 1704 5326 de
1739 5282 1862 5344 qua
1894 5263 2023 5345 agi·
2139 5264 2300 5326 modi
2334 5274 2423 5326 est
2450 5264 2694 5326 Oblatio
2720 5272 2779 5324 et
2803 5260 3214 5332 C‹)nsecratio;
3247 5267 3306 5319 et
3337 5258 3398 5320 in
3440 5273 3687 5333 respon-

481 5349 656 5431 mus;
703 5349 969 5438 Populus
998 5359 1161 5431 enim
1187 5405 1204 5432 ,
1242 5360 1289 5419 si
1333 5357 1807 5419 Consecrationis
1839 5357 2021 5418 verba
2133 5356 2302 5419 sione
2333 5358 2409 5419 ad
2423 5366 2708 5431 sextum3
2741 5355 3034 5432 Quaedam
3066 5374 3225 5422 vero,
3258 5348 3485 5430 inquit,
3511 5348 3686 5426 perti-

477 5468 597 5511 non
621 5450 837 5538 audit,
883 5462 1079 5514 tamen
1116 5453 1303 5533 probe
1342 5451 1547 5524 novit,
1592 5452 2018 5536 Presbyterum
2130 5461 2261 5512 nent
2292 5453 2369 5513 ad
2394 5454 2578 5522 solum
2603 5451 2980 5520 Sacerdotem,
3007 5452 3153 5509 sicut
3182 5445 3434 5513 oblatio,
3465 5452 3514 5502 et
3539 5439 3685 5508 Con-
