4487 6316
954 508 1055 557 110

451 667 691 712 «κωκυ...-
770 643 970 718 (licere
994 647 1390 723 consuevisse,
1423 650 1594 729 cujus
1622 646 2155 710 consuetudinibus
2175 645 2320 707 fuis·

435 741 562 839 :2¹³5
576 724 729 826 [ἓξὲξ
769 758 832 799 se
853 740 1204 819 perhibetur
1225 751 1434 805 auctor
1448 743 1508 802 S.
1527 741 1940 824 Eutychianus
1955 741 2018 801 in
2040 740 2150 802 lib.
2168 741 2320 801 Pon-

433 851 512 884 ete·
766 832 996 894 tilicali:
1038 834 1156 896 Hic
1194 839 1483 896 constituit
1511 886 1527 908 ,
1574 848 1638 896 ut
1682 838 1869 915 fruqes
1908 855 2075 916 super
2113 835 2317 896 Altare

764 935 990 988 tantum
1016 976 1032 999 ‚
1063 930 1255 1007 fabae,
1285 942 1336 990 et
1367 951 1507 991 uvae
1535 932 2000 991 beezedicerentur.
2032 929 2193 991 Illud
2222 936 2312 991 et-

759 1019 882 1082 iam
905 1022 1301 1084 certissimum
1323 1033 1433 1099 est,
1458 1025 1520 1087 in
1546 1026 1657 1088 hac
1680 1025 1895 1086 Missae
1914 1033 2105 1105 parte,
2127 1043 2313 1103 quam

758 1116 937 1177 modo
957 1118 1310 1197 expedimus
1336 1128 1396 1181 et
1424 1119 1670 1199 quidem
1699 1127 1830 1200 post
1850 1138 1921 1181 ea
1943 1119 2151 1191 verba,
2187 1121 2310 1180 lar-

757 1212 909 1289 qitor
935 1212 1189 1283 admitte,
1221 1211 1378 1273 hanc
1402 1213 1876 1280 benedictionem
1902 1211 2037 1274 fieri
2063 1232 2314 1274 consue-

761 1303 936 1365 visse.
979 1305 1203 1368 Probat
1246 1307 1308 1368 id
1340 1306 1677 1370 Cardinalis
1705 1309 1871 1369 Bona
1902 1307 2009 1369 lib.
2065 1311 2124 1367 2.
2173 1326 2306 1387 cap.

763 1389 858 1460 14.
896 1419 1064 1460 num.
1101 1408 1158 1462 5.
1201 1421 1278 1462 ex
1309 1402 1613 1464 veteribus
1644 1402 1988 1464 Missalibus
2012 1410 2072 1463 et
2107 1401 2311 1463 Litur·

756 1492 894 1576 giis:
931 1493 1126 1556 Finita
1153 1543 1168 1566 ‚
1204 1495 1402 1576 inquit
1430 1542 1447 1571 ,
1477 1498 1582 1558 hac
1613 1495 1885 1557 Oratione
1904 1507 2026 1577 post
2056 1498 2167 1557 itta
2187 1517 2312 1556 ver-

758 1588 829 1648 ba
856 1636 872 1658 ‚
900 1586 1153 1670 largitor
1182 1590 1431 1651 admitte
1454 1636 1470 1664 ,
1501 1594 1554 1652 si
1577 1612 1751 1652 novae
1776 1593 1985 1670 fruqes,
2016 1602 2119 1652 aut
2141 1612 2314 1670 quae·

760 1682 892 1741 libet
913 1685 1037 1743 alia
1058 1684 1321 1745 humanis
1351 1687 1543 1746 usibus
1569 1688 1931 1747 inservientia
1951 1687 2316 1747 benedicenda

757 1786 962 1846 erant,
993 1788 1123 1839 ante
1153 1777 1356 1839 Altare
1382 1781 1520 1838 olim
1548 1782 1813 1840 collocari
1845 1781 2116 1851 solebant,
2145 1790 2196 1841 et
2223 1782 2314 1842 hie

754 1886 795 1928 a
824 1865 1125 1930 Sacerdote
1162 1872 1406 1932 benedici
1428 1894 1449 1940 ‚·
1502 1882 1555 1932 et
1596 1875 1900 1934 terminata
1945 1874 2314 1933 benedictione

754 1963 926 2023 solita
948 1965 1232 2035 clausula,
1261 1965 1373 2025 Per
1400 1964 1690 2026 Christum
1711 1966 2018 2026 Dominum
2036 1978 2311 2039 nostrum,

754 2041 1068 2136 sequentem
1112 2059 1390 2118 addebant
1433 2057 1786 2120 Orationem:
1833 2059 1948 2120 Per
1984 2081 2146 2139 quem
2182 2061 2314 2121 haec

756 2151 949 2209 omnia
977 2148 1214 2210 Domine
1244 2171 1453 2232 semper
1498 2153 1641 2213 bona
1665 2173 1844 2221 creas:
1872 2172 2037 2232 quae,
2063 2164 2130 2213 ut
2155 2165 2314 2214 notat

756 2239 943 2302 Lucas
978 2242 1314 2314 Dacherius,
1351 2265 1464 2304 non
1485 2247 1666 2304 solum
1688 2247 2014 2324 resemntur
2034 2246 2111 2308 ad
2136 2244 2314 2307 Obla-

755 2346 818 2396 ta
845 2381 862 2405 ,
897 2337 991 2394 sed
1024 2339 1195 2397 etiam
1217 2339 1292 2398 ad
1316 2358 1404 2398 res
1438 2348 1570 2399 tunc
1600 2341 1903 2401 benedictas
1933 2388 1949 2411 ‚
1984 2360 2126 2419 quas
2163 2340 2316 2399 Deus

752 2441 950 2500 creat,
995 2432 1127 2508 sive·
1143 2432 1405 2511 producit
1432 2479 1449 2503 ,
1494 2453 1691 2512 eaeque
1728 2436 1968 2513 petimus
2000 2435 2116 2511 ejus
2158 2435 2316 2493 bene·

758 2523 1002 2581 dictione
1022 2526 1370 2606 sanctificari
1397 2519 1602 2585 nostris
1635 2529 1828 2587 usibus
1856 2528 2211 2607 profuturae.
2241 2528 2319 2588 Et

755 2616 916 2696 apud
960 2618 1231 2679 Martene
1260 2626 1402 2679 tom.
1430 2623 1488 2680 t.
1528 2630 1914 2688 monumenta
1958 2628 2168 2683 extant
2208 2620 2313 2681 be-

756 2709 1115 2771 nedictionis
1134 2729 1431 2773 novarum
1455 2711 1699 2794 frugum
1722 2713 1786 2774 in
1809 2714 1983 2775 Festo
2001 2713 2314 2774 Ascensio·

762 2803 859 2864 nis
885 2804 1162 2876 Domini,
1196 2825 1492 2867 novarum
1524 2825 1843 2886 pomorum
1874 2808 1938 2869 in
1966 2807 2314 2869 solemnita-

761 2905 824 2958 te
854 2897 914 2957 S.
947 2898 1153 2960 Jacobi
1184 2900 1452 2979 Apostoli
1480 2946 1497 2974 ,
1529 2909 1590 2961 et
1630 2920 1925 2962 novarum
1957 2921 2216 2963 uvarum
2248 2901 2313 2962 in

766 2990 1089 3054 festivitate
1115 2994 1174 3054 S.
1214 2994 1391 3075 Xysti
1421 3039 1439 3068 ,
1477 3006 1545 3056 ut
1589 2995 1793 3057 videre
1838 3007 1926 3059 est
1978 3016 2113 3079 pag.
2171 3002 2309 3058 568.

767 3090 904 3147 574.
946 3097 1006 3148 et
1036 3093 1173 3148 575.
1210 3088 1440 3169 primae
1468 3089 1610 3151 edit.
1652 3092 1721 3151 In
1763 3090 2157 3153 Ordinatione
2202 3093 2315 3153 Le-

748 3182 946 3242 ‘ctoris
990 3183 1316 3263 Episcopus
1342 3185 1449 3246 ait:
1483 3184 1764 3245 Lectorem
1790 3190 2065 3265 siquidem
2106 3198 2317 3268 oportet
2353 3224 2360 3231 ·

762 3276 934 3353 leqere
961 3295 1030 3336 ea
1059 3323 1075 3347 ‚
1106 3297 1248 3355 quae
1272 3279 1563 3357 praedicat
1591 3326 1607 3349 ‚
1638 3291 1688 3338 et
1716 3277 1999 3340 Lectiones
2039 3292 2270 3341 cantare
2294 3327 2311 3350 ,

760 3380 811 3428 et
843 3366 1149 3430 benedicere
1173 3391 1400 3452 panem,
1439 3384 1489 3432 et
1522 3393 1704 3433 omnes
1738 3375 1956 3452 fructus
1986 3394 2172 3434 novos.
2196 3375 2315 3435 Eas

763 3470 966 3523 tamen
991 3464 1430 3526 benedictiones
1451 3465 1585 3547 (etsi
1610 3486 1771 3528 nunc
1795 3487 1912 3528 non
1938 3467 2094 3529 liunt
2113 3468 2177 3528 in
2201 3467 2315 3529 hac

764 3553 949 3615 Missa
978 3565 1168 3635 parte,
1198 3558 1298 3618 sed
1331 3569 1569 3639 peracta
1603 3560 1813 3640 Missa)
1836 3560 1999 3622 solus
2022 3560 2137 3622 hoc
2166 3570 2316 3626 tem-

768 3667 915 3727 pore
940 3649 1237 3711 Sacerdos*
1254 3651 1397 3713 facit
1421 3661 1489 3714 ut
1522 3663 1688 3715 notat
1710 3654 2032 3716 Catalanus
2059 3655 2121 3715 in
2157 3655 2316 3717 notis

766 3741 845 3803 ad
870 3743 1219 3806 Pontificale
1242 3748 1582 3808 Romanum
1614 3757 1736 3809 tom
1772 3754 1825 3809 1.
1854 3768 1990 3830 pag.
2026 3755 2124 3811 83.
2155 3748 2220 3831 §-
2249 3756 2308 3810 6.

432 3836 550 3901 ³⁸⁰⁰·
605 3830 728 3875 ΜΒ·
893 3840 983 3897 11.
1012 3836 1182 3910 Quae
1208 3858 1390 3919 supra
1411 3841 1749 3904 Cardinalis
1777 3844 1977 3904 Bonae
2000 3843 2315 3904 attulimus

432 3890 561 4014 πὲρ
623 3891 725 3988 5¹:52
765 3930 953 3992 verba
981 3929 1249 3995 indicant
1268 3980 1285 4007 ,
1319 3954 1420 3996 eas
1443 3954 1647 4014 preces
1672 3982 1689 4009 ,
1715 3957 1818 4017 per
1842 3957 2005 4016 quem
2038 3939 2170 3998 haec
2194 3958 2315 3997 om-

435 4008 727 4105 υῗζῗζζῃξζ·
766 4026 868 4085 nia
897 4024 1132 4086 Domine
1156 4047 1366 4108 semper
1395 4030 1537 4089 bona
1564 4050 1717 4092 creas
1748 4042 1848 4091 etc.
1882 4050 2004 4092 non
2036 4032 2211 4092 modo
2239 4032 2317 4093 ad

434 4120 727 4160 ⁸⁵⁰¹·d0m·
768 4116 989 4180 Christi
1032 4119 1262 4201 Corpus
1302 4132 1362 4183 et
1406 4122 1771 4204 Sanguinem
1799 4169 1817 4198 ,
1859 4125 1964 4187 sed
2006 4125 2084 4186 ad
2130 4143 2317 4187 novas

434 4173 727 4275 ὑυὲῗέιιῖῗ-ῡ-’ἀ
768 4211 948 4273 etiam
989 4233 1134 4275 uvas
1173 4223 1233 4276 et
1264 4214 1467 4297 fruges
1499 4218 1842 4279 benedictas
1875 4218 2110 4279 referri.
2160 4218 2314 4292 Qui-

433 4289 723 4407 xm&
766 4305 905 4365 dam
937 4306 1146 4368 dicunt
1166 4353 1182 4380 ,
1213 4309 1290 4370 ad
1318 4328 1513 4371 novos·
1533 4318 1767 4373 tantum
1798 4311 2028 4389 fructus
2055 4310 2269 4372 referri
2295 4356 2313 4385 ,

766 4399 930 4479 quod
958 4420 1081 4461 non
1108 4401 1335 4484 injuria
1361 4403 1555 4486 rejicit
1581 4405 1664 4466 Le
1689 4407 1853 4465 Brun
1884 4412 2027 4466 tom.
2082 4408 2136 4465 1.
2170 4423 2309 4486 pag.

769 4498 905 4553 538.
939 4494 1025 4555 ait
1048 4496 1210 4556 enim
1237 4542 1254 4570 ,
1288 4498 1447 4578 apud
1477 4496 1714 4579 aliquas
1740 4498 2030 4561 Ecclesias
2056 4498 2123 4558 in
2151 4517 2318 4561 more

763 4586 980 4662 fuisse,
1015 4599 1083 4650 ut
1109 4610 1300 4652 novae
1323 4592 1818 4654 benedicerentur
1846 4593 2048 4674 fruges
2076 4591 2142 4652 in
2172 4591 2317 4653 Mis-

764 4698 833 4741 sa
864 4684 1004 4741 ante
1030 4682 1547 4748 Consecrationem
1590 4687 1871 4768 Corporis
1914 4685 2135 4748 Christi
2163 4731 2181 4760 ,
2214 4705 2317 4747 eo-

765 4772 906 4835 dem
936 4776 1110 4837 modo
1139 4822 1155 4849 ,
1186 4796 1309 4857 quo
1336 4779 1430 4840 his
1457 4782 1828 4862 temporibus
1853 4781 1900 4841 F
1903 4781 2032 4842 eria
2059 4780 2134 4841 V.
2185 4781 2316 4841 Ma-

760 4868 916 4950 joris
937 4869 1365 4934 Hebdomadae
1386 4884 1526 4938 ante
1547 4876 2065 4938 Consecrationem
2091 4884 2320 4936 sancto-

770 4980 911 5022 rum
941 4962 1227 5024 Oleorum
1257 4965 1328 5027 fit
1356 4968 1727 5044 benedictio;
1758 4969 1930 5031 novis
1954 4988 2086 5029 eam
2116 4976 2318 5029 tamen

771 5055 1050 5139 frugibus
1083 5060 1502 5123 benedicendis
1545 5064 1909 5144 peculiarem
1951 5062 2134 5123 fuisse
2161 5062 2317 5123 Ora-

770 5148 1017 5225 tionem,
1045 5171 1223 5232 quae‚
1249 5163 1317 5216 ut
1338 5155 1493 5221 aliae
1511 5177 1738 5233 omnes,
1765 5158 1830 5220 in
1852 5177 1986 5219 eam
2007 5157 2318 5218 desinebat

769 5243 1100 5313 clausulam
1130 5268 1145 5308 z
1179 5249 1295 5310 Per
1330 5248 1623 5311 Christum
1663 5251 1971 5313 Dominum
2013 5259 2272 5312 nostrum
2294 5297 2313 5323 ,

772 5338 869 5398 cui
922 5340 1140 5443 deinde
1186 5363 1257 5406 ea
1299 5344 1713 5427 jungebantur
1737 5392 1754 5421 ,
1806 5347 1921 5408 Ρη·
1967 5366 2130 5426 quem
2182 5347 2315 5408 haec

766 5451 958 5494 omnm
985 5446 1085 5496 etc.

1828 506 1916 558 DE
1954 500 2443 558 sAcnosAuc‘ro
2483 502 2699 558 MISSAE·
2735 502 3116 557 sAcntFlcto

2549 651 2643 706 12.
2683 645 3019 724 Utcumque
3049 653 3257 708 tamen
3278 645 3357 706 sit
3388 647 3463 708 de
3488 646 3604 709 hac
3631 655 3978 710 controver-

2426 739 2517 802 sia
2544 785 2561 813 ,
2591 758 2672 800 an
2696 759 3001 801 novarum
3029 738 3278 821 frugum
3302 740 3639 803 benedictio
3685 741 3974 822 peculiari

2423 832 2595 895 fieret
2631 833 2920 896 Oratione
2944 879 2961 906 ,
3008 842 3239 895 eertum
3278 834 3527 914 quidem
3571 843 3660 897 est
3682 881 3699 909 ,
3735 855 3859 897 non
3905 837 3971 898 in

2423 926 2697 1008 qnalibet
2729 926 2910 989 Missa
2940 946 3238 989 novarum
3268 927 3512 1010 frugum
3545 928 3882 991 aliarumve
3912 930 3974 992 id

2421 1040 2610 1101 genus
2634 1041 2841 1083 rerum
2885 1022 3146 1101 potuisse
3179 1021 3311 1083 fieri
3355 1023 3832 1086 benedictionem
3858 1069 3876 1098 ,
3908 1025 3974 1085 in

2420 1113 2586 1173 omui
2613 1122 2828 1175 autem·
2846 1113 3027 1176 Missa
3053 1115 3169 1176 dici
3200 1116 3576 1177 consuevisse
3601 1161 3618 1190 ,
3669 1117 3784 1176 Per
3813 1137 3979 1196 quem

2421 1207 2554 1268 haec
2582 1209 2774 1267 omnia
2799 1207 3035 1267 Domine
3056 1227 3266 1288 semper
3287 1211 3430 1269 bona
3451 1229 3625 1269 creas.
3646 1209 3805 1270 Illud
3828 1228 3978 1290 quo-

2420 1319 2542 1380 que
2571 1309 2802 1363 certum
2828 1311 2917 1362 est
2943 1347 2960 1375 ,
2995 1302 3058 1362 in
3098 1302 3213 1363 hac
3246 1303 3462 1364 Missae
3494 1310 3665 1383 parte
3696 1323 3816 1379 non
3845 1324 3976 1366 am-

2418 1393 2582 1474 plius
2597 1394 2852 1476 ,frugum
2875 1395 3354 1457 benedictionem
3375 1396 3489 1458 hoc
3519 1409 3784 1476 tempore
3811 1397 3968 1472 fieri,

2420 1488 2749 1569 eademque
2781 1491 2969 1551 verba
3001 1510 3164 1552 nunc
3206 1490 3268 1550 in
3310 1491 3584 1571 qualibet
3627 1491 3811 1554 Missa
3852 1493 3970 1556 dici

2414 1600 2597 1661 supra
2621 1581 2841 1643 Christi
2874 1582 3105 1663 Corpus
3133 1592 3193 1644 et
3223 1583 3589 1665 Sanguinem
3615 1606 3633 1657 ;
3671 1586 3832 1647 unde
3867 1606 3971 1648 ne-

2420 1676 2661 1737 cessitas
2689 1676 2885 1737 oritur
2918 1676 3067 1742 haec
3104 1686 3163 1738 et
3185 1678 3520 1757 vsequentia
3553 1680 3741 1741 verba
3771 1679 3971 1760 expli-

2422 1770 2596 1831 candi
2622 1816 2639 1844 ,
2670 1770 2836 1831 nulla
2873 1791 3170 1833 novarum
3197 1771 3441 1853 frugum
3471 1771 3682 1834 habita
3711 1773 3965 1835 ratione.

2543 1869 2637 1926 13.
2671 1866 2760 1926 De
2785 1864 3033 1926 illorum
3059 1865 3458 1945 explicatione
3479 1868 3807 1929 verborum
3827 1867 3970 1929 scri-

2425 1959 2576 2020 bunt
2605 1961 2678 2020 D.
2729 1961 3151 2021 Bonaventura
3185 1961 3297 2022 loc.
3330 1960 3430 2022 cit.
3475 1960 3695 2022 Suarez
3728 1967 3784 2022 3.
3831 1980 3961 2042 par.

2428 2059 2571 2112 tom.
2605 2058 2661 2113 3.
2694 2055 2923 2132 quaest.
2964 2054 3062 2114 83.
3097 2063 3213 2116 art.
3249 2059 3307 2116 t.
3342 2054 3563 2135 disput.
3598 2062 3697 2126 83.
3732 2064 3872 2117 sect.
3909 2061 3968 2116 2.

2422 2144 2488 2228 §.
2542 2144 2764 2213 Octava.
2799 2147 2949 2208 Pars
2975 2196 2992 2218 ,
3040 2149 3219 2230 Hugo
3261 2150 3585 2210 Menardus
3615 2150 3679 2210 in
3709 2149 3868 2211 notis
3895 2150 3974 2212 ad

2423 2240 2971 2306 Sacramentarium
3014 2242 3074 2302 S.
3109 2243 3383 2324 Gregorii
3416 2264 3549 2325 pag.
3586 2249 3683 2305 21.
3734 2253 3972 2325 praeter

2426 2334 2801 2397 Amalarium
2827 2346 2888 2397 et
2917 2337 3235 2418 Hugonem
3269 2337 3343 2398 de
3371 2339 3431 2398 S.
3469 2338 3748 2401 Victore:
3780 2359 3850 2400 ac
3877 2339 3970 2410 vie

2424 2429 2599 2494 detur
2624 2476 2642 2503 ‚
2679 2431 2729 2491 si
2756 2431 2962 2492 omnia
2989 2431 3054 2491 in
3085 2432 3505 2511 compendium
3536 2433 3924 2495 conferantur
3949 2478 3967 2507 ,

2424 2542 2496 2585 ea
2522 2543 2647 2584 esse
2680 2523 3095 2608 interpretatio
3122 2544 3278 2605 quae
3302 2526 3576 2605 sequitur
3602 2571 3618 2586 .
3668 2525 3783 2588 Per
3807 2547 3971 2606 quem

2424 2617 2555 2677 haec
2575 2620 2766 2679 omnia
2785 2618 3023 2678 Domine
3038 2639 3248 2699 seniper
3269 2621 3412 2680 bona
3431 2640 3608 2682 creas:
3629 2623 3791 2682 Deus
3806 2621 3971 2683 enim

2425 2711 2599 2772 Pater
2625 2712 2829 2773 omnia
2854 2712 3081 2773 creavit
3105 2732 3213 2793 per
3243 2714 3448 2774 Jesum
3473 2714 3798 2777 Christum.
3838 2713 3974 2776 Om-

2422 2808 2523 2866 nia
2545 2827 2648 2885 per
2675 2809 2860 2886 ipsum
2886 2808 3039 2884 sacta
3063 2819 3194 2867 sunt
3223 2856 3239 2878 ,
3272 2818 3323 2868 et
3356 2811 3476 2868 sine
3503 2811 3622 2889 ipso
3650 2811 3865 2888 sactum
3891 2819 3969 2871 est

2423 2900 2596 2970 nihil,
2628 2910 2696 2961 ut
2719 2900 2889 2961 estin
2913 2901 3086 2961 Joan.
3119 2921 3248 2980 cap.
3286 2907 3339 2961 1.
3372 2904 3572 2982 inipso
3590 2904 3817 2990 condita
3838 2913 3972 2964 eunt

2423 2995 2686 3054 universa
2712 3042 2727 3065 ‚
2778 3003 2846 3055 ut
2878 2994 2955 3056 ad
2982 2993 3281 3056 Colossen.
3322 3000 3377 3057 1.
3412 3004 3593 3076 atque
3637 2996 3720 3058 ita
3752 3016 3970 3077 panem

2423 3095 2484 3148 et
2509 3087 2720 3149 vinum
2752 3088 2814 3149 in
2843 3088 3063 3150 Christi
3093 3090 3322 3170 Corpus
3346 3097 3406 3150 et
3430 3090 3796 3173 Sanguinem
3826 3110 3970 3153 eon·

2423 3202 2704 3244 versum:
2751 3203 2945 3265 neque
2973 3184 3134 3244 enim
3171 3185 3235 3244 in
3265 3185 3560 3266 principio
3585 3186 3800 3246 Mundi
3833 3196 3968 3248 tan-

2425 3285 2552 3338 turn
2581 3298 2796 3357 panem
2819 3287 2880 3339 et
2905 3278 3121 3339 vinum
3149 3279 3410 3353 creavit,
3444 3279 3545 3341 sed
3572 3280 3856 3342 continue
3880 3300 3972 3342 re-

2423 3379 2646 3445 novat,
2675 3380 2735 3433 et
2765 3372 2908 3433 facit
2935 3380 3004 3433 ut
3032 3381 3192 3433 terra
3217 3374 3541 3452 quotannis
3575 3394 3801 3435 novum
3836 3374 3968 3435 fru-

2423 3474 2691 3528 mentum
2708 3512 2724 3539 ,
2756 3485 3062 3546 novasque
3089 3487 3236 3528 uvas
3265 3469 3581 3547 producat:
3612 3471 3929 3551 sanctificas
3943 3490 3968 3538 .-

2423 3579 2562 3621 nam
2587 3560 2650 3620 in
2670 3560 2955 3635 ChristoJ
2960 3581 3064 3622 esu
3085 3562 3243 3622 dona
3262 3562 3339 3623 ad
3362 3562 3570 3624 Altare
3585 3562 3788 3625 oblata
3811 3563 3970 3625 fiunt

2421 3652 2580 3716 dona
2601 3670 2768 3715 sacra
2800 3662 2859 3715 et
2882 3655 2960 3715 ab
2990 3674 3099 3715 usu
3128 3655 3431 3725 communi
3465 3664 3690 3719 semota
3718 3677 3735 3716 ε
3783 3659 3967 3738 vivifi-

2413 3767 2540 3807 cas:
2597 3749 2755 3809 Deus
2798 3748 2960 3809 enim
2984 3768 3090 3828 per
3112 3750 3316 3810 lesum
3337 3749 3641 3811 Christum
3668 3771 3885 3830 panem
3911 3761 3973 3813 et

2422 3841 2633 3901 vinum
2657 3841 2922 3904 vivificat
2949 3850 3298 3904 convertens
3325 3843 3389 3904 in
3421 3864 3629 3905 verum
3655 3844 3820 3906 illius
3837 3865 3970 3927 eor·

2424 3954 2537 4014 pus
2560 3944 2619 3996 et
2637 3936 3006 4017 ‚sanguinem
3027 3982 3045 4011 ,
3077 3956 3235 4017 quae
3259 3945 3401 3999 sunt
3429 3946 3642 4000 verum
3668 3939 3828 4002 vitae
3853 3940 3968 4002 ali·

2425 4039 2718 4090 mentum:
2753 4031 3046 4101 benedicis,
3072 4043 3122 4091 et
3149 4044 3401 4111 praestas
3428 4035 3609 4100 nobis,-
3638 4053 3781 4095 nam
3806 4036 3968 4097 Deus

2422 4142 2531 4204 per
2554 4125 2758 4185 Jesum
2778 4124 3082 4186 Christum
3101 4124 3371 4187 vivificat
3387 4136 3447 4188 et
3467 4127 3818 4202 sanctificat,
3842 4148 3971 4192 cae-

2426 4217 2718 4297 lestesque
2746 4238 2927 4298 super
2953 4237 3171 4299 panem
3196 4230 3256 4281 et
3286 4220 3496 4281 vinum
3522 4222 3967 4285 benedictiones

2426 4312 2732 4385 diffundit,
2747 4332 2938 4392 eaque
2962 4314 3135 4375 nobis
3157 4314 3241 4376 sic
3262 4315 3573 4377 benedicta
3597 4316 3876 4398 largitur,
3904 4325 3972 4380 ut

2427 4406 2602 4467 nobis
2634 4406 2755 4467 sint
2780 4427 2923 4468 vera
2955 4407 3113 4469 vitaz
3139 4428 3242 4488 per
3270 4411 3486 4489 ipsum:
3510 4410 3782 4473 Christus
3808 4411 3974 4474 enim

2427 4501 2588 4561 Deus
2613 4500 2878 4561 ethome
2906 4521 3085 4563 verus
3114 4510 3204 4563 est
3235 4502 3524 4565 mediator
3553 4505 3661 4565 Dei
3690 4513 3751 4566 et
3776 4505 3973 4567 homi·

2427 4612 2607 4653 num:
2644 4605 2700 4654 et
2719 4614 2846 4653 cum
2876 4597 3028 4673 ὄρειος
3058 4615 3199 4657 nam
3226 4597 3386 4658 Deus
3412 4605 3501 4657 est
3529 4599 3654 4659 Deo
3676 4599 3967 4679 aequalis:

2428 4698 2480 4748 et
2508 4690 2572 4747 in
2599 4690 2718 4767 ipso
2738 4710 2759 4756 ,·
2792 4689 2954 4768 quod
2990 4689 3152 4751 Patri
3187 4680 3712 4753 consubstantialis
3736 4694 3813 4755 sit
3841 4713 3857 4753 ε
3894 4704 3974 4753 est

2429 4784 2534 4842 tibi
2560 4782 2675 4843 Deo
2714 4783 2887 4843 Patri
2933 4785 3320 4865 Omnipotenti
3350 4788 3414 4845 in
3450 4790 3670 4849 unitate
3714 4788 3972 4868 Spiritus

2428 4877 2633 4938 Sancti
2658 4880 2837 4937 omnis
2863 4879 3040 4938 honor
3067 4890 3115 4938 et
3154 4881 3384 4957 yloria:
3432 4883 3555 4943 Deo
3597 4882 3763 4943 enim
3807 4883 3971 4944 Patri

2426 4972 2622 5032 omnis
2645 4972 2841 5032 honor
2864 4981 2923 5032 et
2947 4972 3141 5053 gloria
3171 4993 3277 5052 per
3313 4974 3538 5036 Filium
3565 5021 3582 5049 ,
3611 4996 3748 5038 cum
3781 4977 3970 5049 Filio,

2426 5074 2486 5128 et
2532 5066 2596 5126 in
2636 5065 2792 5126 Filio
2818 5111 2834 5138 ,
2864 5076 2923 5126 et
2951 5068 3013 5126 in
3045 5066 3273 5128 unitate
3300 5068 3560 5148 Spiritus
3585 5070 3785 5133 Sancti
3814 5116 3831 5143 ,
3864 5069 3973 5150 qui

2425 5179 2500 5219 ex
2531 5169 2786 5239 utroque
2804 5159 3127 5238 procedens
3152 5179 3344 5238 aeque
3368 5182 3506 5221 cum
3528 5163 3704 5225 Patre
3726 5173 3787 5235 et
3817 5163 3976 5225 Filio

2420 5251 2599 5313 simul
2633 5252 2919 5314 adoratur
2943 5251 3007 5312 in
3026 5252 3266 5315 saecula
3292 5255 3690 5318 saeculorum.

2547 5351 2640 5407 114.
2674 5345 2950 5407 Actiones
2977 5390 2993 5417 ,
3026 5365 3183 5425 quae
3202 5346 3360 5410 liunt
3386 5349 3613 5413 interea
3636 5352 3784 5413 dum
3801 5360 3970 5416 sexta

2364 5410 2375 5517 Ι
2421 5437 2569 5502 haec
2601 5439 2810 5503 Oratio
2860 5439 3146 5504 recitatur
3172 5487 3190 5516 ,
3244 5452 3385 5506 sunt
3418 5463 3576 5526 quae
3609 5458 3964 5529 sequuntur.

4019 669 4079 712 Ba
4098 670 4222 712 vet-ln
4245 685 4328 715 n-

4020 726 4191 771 ferend·
4265 731 4328 773 nd

4017 785 4170 827 christi
4207 789 4328 829 Con-

4070 857 4089 883 s
4102 841 4217 885 null·
4235 846 4326 886 hn-

4043 903 4325 944 iteum-run

4016 956 4183 1014 frugum
4242 973 4325 1002 ι’·-

4016 1016 4143 1059 tione.

4010 1881 4122 1921 rme
4150 1887 4192 1922 et
4212 1881 4313 1923 sin-

4010 1936 4183 1990 gultatim
4231 1953 4313 1980 n-

4012 1993 4215 2050 plicantut·
4232 2010 4314 2037 e·-

4012 2052 4106 2094 dem
4137 2054 4279 2096 verba.

4090 5374 4285 5418 Actiones
4299 5405 4314 5427 ,

4010 5444 4117 5485 quae
4136 5445 4313 5474 cumsc-

4011 5495 4077 5532 ιω
4115 5490 4315 5533 Outiuue
