4487 6316
1996 704 2172 815 Ex
2259 705 2907 855 Ems'roLA

1555 993 2385 1072 PRAESTANTISSIMI
2435 994 2568 1069 ET
2620 993 3322 1074 &APIENTISSIMI

1089 1264 2066 1416 PRAESULIS
2162 1263 3793 1501 CONmfflRlCENsls

1246 1594 1382 1665 Ad
1411 1591 1635 1694 hujus
1657 1594 2055 1669 voluminis
2083 1592 2472 1681 editorem,
2505 1601 2739 1668 citata
2773 1613 2968 1671 tomo
2997 1595 3080 1674 V
3072 1596 3194 1671 ΙΙ.
3220 1624 3402 1699 pag.
3430 1599 3665 1678 CXV.

861 1989 1323 2161 Significat-e
1361 2059 1491 2135 tibi
1532 2061 1647 2138 vix
1683 2084 2008 2163 possum,
2043 2072 2314 2161 quanta
2349 2055 2687 2161 perfusus
2720 2061 2849 2137 sim
2885 2060 3102 2137 animi
3139 2058 3552 2167 voluptate,
3583 2085 3751 2137 cum
3787 2062 4018 2166 prima

859 2189 1219 2268 volumina
1256 2193 1582 2297 Operum
1620 2191 2141 2288 BENEDICTI
2182 2191 2376 2266 XIV.
2411 2187 2781 2268 Pontificis
2814 2216 2988 2269 vere
3019 2194 3360 2289 Maximi,
3405 2194 3555 2271 huc
3588 2222 3629 2273 a
3663 2209 3738 2270 te
3781 2208 4019 2270 trans-

858 2326 1054 2398 missa
1104 2329 1181 2399 in
1234 2350 1486 2401 manus
1535 2323 1808 2415 habui,
1859 2323 2399 2425 avidissimeque
2448 2320 2821 2426 pet-volvi.
2872 2322 3234 2428 Equidem
3268 2329 3367 2403 sic
3414 2327 3787 2420 existimo,
3835 2322 4021 2400 nihil

860 2458 1204 2557 praestari
1241 2456 1414 2530 huic
1447 2460 1700 2559 Regno
1736 2452 1982 2531 utilius
2015 2456 2359 2559 potuisse,
2392 2477 2613 2559 quam
2648 2454 3072 2532 eorumdem
3109 2459 3434 2561 Operum
3471 2458 3793 2562 copiam3
3834 2456 3912 2529 in
3945 2455 4029 2530 iis

862 2590 1139 2692 quippe
1174 2585 1536 2691 quidquid
1570 2613 1808 2662 sacrae
1843 2585 2220 2663 doctrinae
2246 2641 2270 2679 ,
2319 2602 2540 2691 atque
2575 2586 3002 2665 eruditionis
3031 2603 3137 2663 est
3159 2639 3182 2679 ‚
3233 2604 3374 2663 tam
3409 2587 3784 2695 splendide
3808 2641 3831 2681 ‚
3881 2602 4026 2662 tam

864 2722 1186 2823 apposite
1210 2773 1234 2811 ‚
1283 2734 1430 2795 tam
1463 2719 1823 2823 sapienter
1856 2717 2243 2795 collectum
2295 2717 2506 2798 video
2531 2775 2553 2813 ‚
2604 2736 2691 2796 ut
2724 2721 2835 2798 his
2881 2716 3044 2796 solis
3076 2718 3561 2797 voluminibus
3609 2746 3798 2825 pene
3850 2720 4026 2795 mihi

862 2870 1049 2925 stare
1083 2850 1417 2927 videatur
1448 2875 1653 2954 posse
1688 2850 2055 2927 Catholica
2091 2850 2369 2955 Religio
2390 2904 2413 2945 ‚
2446 2876 2531 2927 ac
2564 2849 2953 2958 disciplina.
2989 2851 3191 2931 Proh
3224 2849 3245 2927 i
3289 2869 3558 2955 quanta
3590 2851 4024 2928 Sanctorum

862 2988 1161 3061 Petrum
1191 3039 1215 3077 ‚
1260 2999 1533 3087 quanta
1566 3007 1933 3060 sacrorum
1973 2982 2352 3060 Canonum
2376 3037 2399 3078 ‚
2448 3001 2721 3088 quanta
2759 2983 3246 3062 Conciliorum
3281 2983 3973 3090 Theologorumque
3998 3039 4026 3075 ,

863 3134 940 3194 et
972 3144 1187 3223 quam
1229 3115 1601 3223 profunda
1634 3119 1950 3222 cognitio
1981 3113 2002 3192 i
2047 3117 2246 3194 Proh
2285 3138 2473 3221 quae
2508 3143 2748 3195 sacrae
2784 3120 3150 3198 vetustatis
3182 3121 3560 3224 omnigena
3591 3141 4026 3195 monumen-

866 3251 965 3326 ta!
1010 3252 1214 3344 Quae
1249 3248 1517 3352 legum,
1539 3252 1841 3342 rituum,
1877 3246 2825 3351 morumque.Ecclesiarum
2852 3250 3009 3328 fere
3041 3255 3361 3328 omnium
3398 3245 3722 3327 scientia!
3768 3248 4025 3340 Quan-

866 3399 936 3458 ta
964 3385 1043 3458 in
1077 3380 1527 3486 exponendis
1558 3383 1926 3456 sententiis
1959 3383 2429 3484 perspicuitas
2461 3382 2482 3462 i
2527 3387 2813 3479 Quanta
2849 3386 2924 3459 in
2957 3384 3302 3488 agitandis
3335 3377 3686 3459 eruditio!
3731 3380 4022 3472 Quanta

867 3519 943 3590 in
974 3513 1365 3590 statuendis
1396 3510 1706 3589 soliditas
1728 3568 1750 3605 ‚
1783 3527 1860 3586 et
1891 3509 2295 3588 consilium!
2340 3517 2472 3590 Est
2504 3544 2598 3593 ne
2634 3515 3030 3620 quidquam
3066 3515 3154 3590 ad
3191 3540 3455 3590 sacram
3491 3527 3817 3619 spectans
3849 3537 4026 3586 eru-

864 3646 1217 3724 ditionem
1255 3702 1277 3739 ,
1311 3646 1514 3751 quod
1545 3648 1621 3722 in
1657 3647 1766 3722 his
1796 3643 1998 3720 libris
2031 3673 2171 3750 pro
2206 3645 2556 3751 dignitate
2591 3673 2744 3723 non
2781 3651 3140 3721 tractetur
3162 3643 3202 3719 ⁶?
3234 3643 3623 3734 AErarium‚
3655 3642 3829 3718 mihi
3862 3666 4028 3716 cre-

871 3777 998 3871 de,
1029 3781 1385 3855 aerarium
1421 3778 1500 3854 in
1536 3778 2140 3883 Theologicarum
2179 3806 2428 3878 rerum
2460 3781 2784 3855 omnium
2816 3774 3448 3883 locupletissimum
3480 3773 3627 3849 huc
3661 3773 4030 3849 transmit-

870 3918 959 3990 tis
985 3970 1007 4007 ,
1056 3912 1201 3989 sola
1253 3914 1430 3989 haec
1479 3911 1841 3991 volumina
1878 3913 2455 3989 transmittendo.
2505 3911 2751 4006 Quare
2785 3912 3006 3988 totius
3036 3904 3572 4013 quodammodo
3621 3904 4027 3982 Lusitaniae

875 4050 1168 4124 nomine
1205 4072 1339 4121 oro
1377 4045 1850 4148 obtestorque
1886 4060 1963 4121 te
1991 4099 2014 4138 ‚
2040 4060 2128 4119 ut
2159 4067 2377 4149 quam
2412 4046 2739 4121 citissime
2758 4042 3150 4120 editionem
3188 4043 3388 4116 istam
3424 4034 3780 4143 expedias3
3815 4059 4032 4140 prae-

874 4182 1118 4252 sertim
1153 4201 1329 4253 vero
1365 4175 1625 4279 Operis
1657 4176 1750 4250 de
1784 4173 2172 4270 Sacrificio
2211 4179 2498 4254 Missae
2528 4234 2553 4269 ,
2601 4174 2805 4280 quod
2838 4174 3337 4278 impensissime
3372 4195 3551 4247 aveo
3575 4225 3600 4260 ,
3637 4183 3858 4271 atque
3899 4192 4028 4242 ex-

881 4324 1096 4412 pecto
1125 4363 1146 4398 ‚
1180 4323 1265 4380 ut
1301 4304 1740 4411 praeclaram
1772 4320 1851 4379 et
1884 4302 2318 4382 utilissimam
2356 4304 2544 4385 illius
2576 4308 2978 4386 doctrinam
3002 4363 3024 4402 ‚
3062 4308 3136 4382 in
3169 4328 3292 4382 eos
3324 4326 3572 4381 omnes
3606 4296 4028 4388 diffundam,

880 4442 1005 4542 qui
1045 4438 1385 4516 divinitus
1416 4462 1634 4512 curae
1665 4463 1862 4513 meae
1896 4441 2250 4515 commissi·
2276 4454 2445 4514 sunt
2482 4457 2618 4517 etc.

1034 4575 1176 4647 Ex
1202 4572 1481 4681 ,eodem
1517 4589 1711 4648 tomo
1768 4574 1963 4651 VII.
2011 4600 2189 4676 pag.
2227 4576 2462 4650 CXX.
2526 4572 2721 4668 Quid
2757 4571 2986 4648 dicam
3046 4570 3141 4648 de
3202 4568 3454 4644 eximia
3492 4563 3607 4639 illa
3659 4560 3983 4638 doctrina
4010 4616 4032 4652 ,

881 4729 1066 4804 quae
1102 4705 1173 4776 in
1229 4699 1782 4806 praeclarissimo
1817 4705 2351 4780 Commentario
2387 4706 2475 4782 de
2501 4707 2892 4802 Sacrificio
2918 4708 3199 4779 Missae
3238 4698 3486 4803 passim
3523 4693 3821 4797 effulget
3842 4694 3882 4765 ?
