4487 6316
1041 531 1145 579 308

854 694 1011 748 mus,
1027 674 1470 756 utplerumque
1484 685 1615 755 post
1630 674 1964 742 orationem
1986 676 2065 737 ab
2088 672 2400 735 Academi-

853 788 923 829 co
943 767 1212 831 habitam
1236 769 1469 867 aliquid
1502 788 1827 850 opponere,
1859 770 1952 831 vel
1977 768 2199 831 addere
2231 785 2440 847 prae-

856 848 1577 926 tormiserimuS.P·1rnm
1620 866 1863 945 quidem
1895 863 2278 945 profecimus,
2307 863 2408 924 sed

852 956 1045 1018 multo
1070 966 1231 1020 certe
1266 958 1523 1022 ulterius
1574 960 1869 1041 progressi
1905 978 2189 1029 55551555,
2224 959 2272 1018 51
2303 978 2408 1018 55-

853 1070 977 1123 rae,
1015 1071 1085 1113 ac
1116 1052 1464 1134 diligentiae
1488 1062 1720 1116 caetera
1754 1046 2226 1134 respondissent.
2289 1054 2408 1112 Ve-

849 1165 1011 1219 rum,
1041 1148 1203 1226 quod
1224 1148 1411 1210 Nobis
1432 1149 1681 1210 minime
1707 1149 1979 1229 contigit,
2013 1150 2083 1227 idv
2104 1149 2293 1229 probe
2313 1168 2408 1209 as-

851 1240 1091 1319 sequuti
1120 1250 1262 1302 sunt
1286 1242 1390 1303 alii
1421 1242 1769 1323 complures
1785 1243 2125 1305 studiorum
2171 1249 2407 1303 nostro·

848 1353 985 1394 rum
1038 1335 1225 1406 socii,
1280 1345 1350 1398 ut
1382 1358 1735 1419 cognoscere
1792 1332 2052 1419 quisque
2100 1345 2292 1417 potest
2331 1355 2407 1397 ex

848 1427 1293 1493 introductione
1344 1432 1421 1494 ad
1468 1432 1911 1499 Ecclesiasticas
1958 1431 2406 1517 dissertatio-nes

1844 532 1933 583 SS.
1979 532 2037 587 D.
2079 530 2122 581 N
2184 526 2564 581 nssssssolc'rl
2609 527 2736 577 ΧΠ.

2779 527 3133 579 ΡΒᾸΞῈΑΤΠ)

2519 669 2659 732 finis
2685 669 2906 743 extitit,
2937 671 3089 750 quin
3113 671 3311 750 potius
3332 670 3444 734 hoc
3470 671 3742 734 futurum
3763 691 4078 753 speramus

2520 775 2747 827 certum
2807 763 2992 827 veluti
3018 766 3317 852 tramitem
3341 767 3419 833 ad
3459 787 3587 829 rem
3616 768 3898 828 momenti
3927 788 4075 831 sane

2522 860 2768 921 maximi
2795 861 3296 940 consequendam.
3336 861 3640 924 Historiae
3667 861 3965 941 siquidem
4012 873 4075 924 et

2521 956 2940 1035 quaestionum
2987 956 3061 1017 ad
3095 956 3313 1016 Christi
3351 956 3616 1026 Domini,
3670 958 3747 1018 ad
3776 957 4073 1038 Deiparae

2520 1058 2578 1109 et
2599 1048 2953 1110 Sanctorum
2987 1049 3362 1112 celebritates
3388 1096 3405 1123 ,
3461 1060 3565 1112 aut
3593 1050 3670 1112 ad
3695 1050 4074 1125 Sacrificium

2519 1144 2734 1205 Missae
2755 1145 3151 1224 spectantium
3183 1145 3504 1225 explicatio
3529 1166 3746 1226 parum
3773 1146 4069 1229 Ecclesia,-

2517 1240 2663 1302 stico
2690 1240 2824 1302 viro
2855 1240 3116 1320 prodest,
3149 1241 3197 1301 si
3226 1243 3355 1322 ejus
3381 1241 3586 1303 animo
3615 1241 3802 1321 pietas
3829 1261 3947 1303 non
3973 1261 4070 1311 ac-

2517 1336 2828 1408 cendatur,
2853 1337 2900 1398 si
2933 1356 3009 1397 ex
3039 1335 3132 1409 iis,
3163 1355 3424 1417 quornm
3442 1336 3690 1417 scientia
3710 1346 3799 1399 est
3824 1356 4069 1416 compa-

2519 1440 2646 1492 rata
2668 1477 2685 1503 ,
2731 1430 2937 1491 nullus
2962 1431 3296 1510 spiritualis
3326 1431 3558 1493 fructu’s
3590 1429 4065 1512 percipiaturssi

847 1523 1488 1589 Praesulis.Perimezzi
1512 1528 1649 1589 viri
1673 1528 2015 1599 clarissimi,
2047 1525 2404 1608 quicollega
2447 1518 2450 1523 ’
2513 1523 2797 1586 Sacerdos
2842 1526 3083 1586 demum
3114 1533 3500 1606 posteaquam
3537 1526 3838 1588 intellexit
3867 1527 3928 1587 in
3957 1526 4062 1588 Di-

849 1626 1049 1682 1105151·
1075 1622 1138 1682 15
1161 1623 1447 1685 omnibus
1468 1622 1590 1683 illis
1611 1624 1903 1696 coetibus,
1931 1632 1989 1684 et
2018 1622 2235 1684 deinde
2258 1621 2404 1701 Epi·
2515 1620 2659 1681 vino
2714 1622 2931 1683 Missae
2965 1620 3272 1683 Sacrificio
3309 1620 3549 1683 nullum
3600 1642 3728 1685 esse
3759 1623 4059 1695 verbum,

848 1735 1061 1796 scopus
1084 1715 1229 1777 l'uit.
1262 1717 1455 1779 Nam
1440 1738 1501 1778 tn
1527 1736 1599 1780 ea
1621 1717 1945 1796 exponitur
1967 1717 2138 1789 ordo,
2169 1734 2404 1796 (15050-
2515 1716 2867 1797 nullamque
2897 1717 3225 1789 actionem,
3257 1736 3435 1799 quae
3461 1737 3580 1795 non
3628 1725 3691 1778 et
3717 1726 3920 1780 sancta
3950 1716 4062 1789 sit,

847 1807 1054 1872 lebant
1101 1810 1313 1872 baberi
1353 1812 1755 1884 Academiae,
1811 1811 1999 1883 ratio,
2047 1819 2107 1872 et
2136 1809 2403 1872 conditio
2457 1799 2463 1887 ἷ
2511 1818 2571 1870 51
2601 1803 3022 1893 mysteriorum
3054 1810 3265 1891 plena,
3308 1831 3448 1872 555
3459 1811 3698 1893 majori,
3727 1831 3910 1892 quam
3951 1832 4064 1883 an-

845 1919 1215 1978 sermonum,
1240 1906 1346 1985 qui
1378 1905 1812 1978 recitabantur,
1842 1905 2213 1977 collationes,
2246 1923 2405 1984 quae
2456 1891 2463 1989 j
2517 1913 2608 1966 tea
2665 1907 3040 1980 reverentia,
3075 1925 3144 1968 ac
3178 1888 3393 1968 timore
3423 1908 3514 1968 ad
3532 1907 3738 1969 Altare
3777 1908 4060 1977 accedat,

844 1998 1102 2060 subinde
1131 1999 1548 2073 habebantur,
1602 2000 1851 2061 nomina
1907 1999 2401 2061 Academicorum
2456 2030 2462 2103 3
2512 2018 2582 2060 ac
2614 2009 2777 2062 tanta
2801 2001 2864 2060 in
2897 2003 3088 2061 Deum
3123 2000 3417 2062 charitate
3442 2001 3672 2071 ardeat,
3704 2010 3771 2062 ut
3802 2008 4065 2069 mentem

843 2088 1094 2167 eorum,
1129 2094 1255 2203 (151
1285 2116 1336 2157 5
1381 2094 1633 2159 Secretis
1681 2094 2037 2158 Academiae
2084 2102 2291 2166 erant,
2343 2104 2404 2154 et.
2455 2128 2462 2186 3
2512 2094 2588 2154 ad
2615 2114 2708 2167 ea,
2742 2114 2900 2174 quae
2920 2095 3087 2167 dicit,
3115 2095 3190 2156 ad
3214 2115 3286 2156 ea
3296 2090 3506 2203 „quae
3534 2095 3706 2168 sacit,
3740 2096 3815 2157 ad
3843 2105 4068 2177 myste-

842 2184 1246 2270 utrorumque
1280 2210 1533 2252 munera
1562 2190 1979 2251 declarantur.
2016 2190 2091 2250 1³1
2114 2193 2260 2249 vero'
2280 2208 2403 2250 ma·
2455 2218 2461 2279 3
2511 2188 2626 2258 ria,
2659 2189 2889 2275 quaein
2910 2183 3106 2261 dictis,
3133 2198 3187 2250 et
3215 2180 3402 2251 sactis
3404 2190 3811 2262 eontinentur,
3834 2209 4070 2269 semper

843 2284 1354 2346 nil'esteomnibus
1375 2293 1597 2366 pateat,
1623 2294 1854 2365 quanta
1872 2284 2215 2357 situtilitas,
2245 2304 2403 2364 (1555
2455 2322 2460 2331 ·
2511 2281 2804 2344 intentam
2827 2272 3085 2345 habea'.t
3139 2284 3445 2345 Tractavit
3481 2284 3764 2363 quidem
3782 2284 3957 2364 pius,
4006 2293 4069 2346 51

841 2396 917 2439 ex
947 2377 1290 2459 hujusmodi
1329 2378 1699 2451 Academiis,
1730 2387 1790 2440 et
1810 2377 2236 2439 collationibus
2265 2397 2399 2457 per-‚2
2454 2344 2460 2397 Ι
2508 2376 2719 2437 (105155
2738 2377 3078 2438 Cardinalis
3106 2379 3269 2440 Bona
3294 2375 3751 2457 incomparabili
3767 2377 4063 2440 eruditio·

839 2471 1086 2552 cipitur,
1108 2472 1247 2552 quis
1265 2481 1375 2544 est,
1398 2472 1503 2552 qui
1531 2473 2004 2552 ignoretquanta
2023 2471 2097 2531 sit
2124 2470 2191 2533 in
2213 2472 2401 2532 Tran-
2449 2425 2459 2551 1
2509 2490 2586 2531 55
2614 2472 2689 2531 (15
2715 2472 3021 2533 Sacrificio
3058 2473 3118 2534 M
3128 2473 3290 2534 issae*
3311 2473 3374 2556 in
3419 2472 3812 2544 celeberrimo
3865 2473 4064 2553 Opere

841 2566 1093 2648 salpinis
1124 2567 1507 2649 regionibus,
1541 2576 1601 2628 et
1634 2558 1956 2646 Cisalpinis
1979 2612 1994 2636 ,
2029 2564 2212 2648 liujus
2259 2585 2397 2626 nos-
2510 2566 2585 2626 de
2616 2568 2816 2627 Rebus
2847 2566 3192 2647 Liturgicis,
3241 2560 3504 2628 sed'cum
3536 2568 3724 2646 probe
3761 2566 4060 2647 intellige-

841 2650 970 2722 trae
998 2660 1179 2722 Urbis
1210 2659 1372 2731 sama
1396 2661 1457 2743 in
1483 2659 2098 2741 rerum'natnralium
2124 2659 2394 2732 scientia,
2453 2660 2462 2721 ζ
2508 2669 2630 2732 ret,
2683 2679 2804 2720 non
2846 2662 2909 2721 in
2963 2660 3091 2723 sola
3126 2681 3327 2745 rerum
3363 2660 3704 2742 cognitione
3730 2660 4065 2729 sistendum

842 2762 969 2815 tum
998 2755 1180 2816 etiam
1213 2756 1275 2815 in
1308 2744 1589 2816 universa
1619 2753 2085 2817 Mathematica‘?
2141 2756 2231 2815 Ex
2275 2751 2397 2834 qno
2453 2742 2484 2821 ζ’
2507 2774 2655 2824 5555,
2678 2754 2867 2816 alium
2892 2755 3369 2835 pulcherrimum
3400 2763 3717 2816 tractatum
3743 2755 4065 2816 asceticam

840 2858 1043 2910 autem
1072 2849 1238 2911 fonte
1267 2849 1324 2917 id
1355 2850 1682 2922 emanavit,
1718 2849 1831 2909 nisi
1862 2869 1937 2915 51(
1966 2850 2394 2930 Congregatio-
2452 2847 2456 2855 ’
2506 2848 2580 2908 (15
2605 2846 2785 2910 Missa
2804 2848 3062 2928 scripsit.
3081 2849 3302 2911 Divina
3327 2847 3739 2910 misericordia
3764 2848 3900 2910 freti
3925 2868 4067 2910 con-

841 2943 1047 3014 nibus,
1073 2944 1478 3015 sermonibus,
1497 2943 1944 3016 collationibus,
1959 2944 2189 3023 quaein
2203 2943 2397 3004 scien-
2451 2936 2456 3015 {
2508 2941 2754 3003 fidimus
2773 2953 2831 3004 et
2853 2963 3164 3023 speramus
3192 2943 3342 3016 sore,
3360 2952 3429 3004 ut
3449 2942 3668 3009 ardens
3694 2942 4063 3004 desiderium

845 3038 1068 3100 tiarum
1098 3039 1381 3100 Instituto
1407 3039 1757 3100 habentur?
1789 3038 2173 3099 Conveniunt
2206 3038 2392 3111 enim,
2451 3032 2456 3107 ξ
2508 3038 2779 3098 nostrum
2812 3037 3045 3105 felicem
3078 3039 3308 3099 exitum
3339 3045 3762 3116 consequatur.
3798 3038 3873 3103 Et
3905 3056 4061 3117 quo-

838 3142 1271 3232 sermonesque
1300 3133 1528 3196 habent
1557 3132 1712 3194 docti
1748 3132 1863 3194 viri
1898 3139 2026 3212 post
2057 3132 2396 3196 studiorum
2451 3114 2457 3196 f
2507 3132 2672 3193 niam
2698 3131 2842 3193 satis
2871 3131 3258 3211 exposuimus
3285 3130 3678 3222 occasionem,
3705 3150 3827 3212 qua
3846 3131 3923 3193 ad
3943 3130 4061 3194 hoc

830 3255 969 3302 snt..
958 3249 1089 3289 um
1123 3228 1428 3335 eapletnm
1458 3228 1534 3288 de
1577 3246 1745 3288 more
1770 3226 2175 3288 curriculum.
2221 3226 2458 3300 Quod
2453 3227 2674 3342 01155
2699 3227 3168 3307 aggrediendum
3182 3226 3419 3288 adducti
3447 3211 3690 3297 sumus;
3719 3225 3958 3305 quidm
3986 3244 4060 3287 eo

835 3335 1049 3414 utique
1070 3351 1206 3413 qm„
1179 3343 1330 3411 que
1350 3318 1889 3403 intelligerepotest
1910 3342 1986 3382 ex
2006 3321 2257 3416 bistoria
2279 3322 2398 3382 Do-
2452 3367 2458 3434 Ι
2508 3322 2921 3393 contineam-3
2971 3341 3129 3400 quae
3159 3320 3379 3382 exinde
3411 3320 3642 3411 utifflas
3668 3319 3893 3399 percipi
3919 3317 4063 3399 pos-

837 3427 1019 3491 ctoris
1050 3424 1351 3488 Francisci
1390 3416 1623 3522 Mariae
1650 3416 1952 3488 Zaunotti,
1991 3408 2094 3544 q'ui
2126 3435 2160 3477 a
2189 3414 2398 3476 Secre·
2453 3437 2458 3454 ·
2507 3417 2628 3488 sit,
2661 3417 2979 3488 rationem,
3013 3436 3083 3476 ac
3114 3414 3392 3487 modum,
3449 3434 3606 3493 quae
3639 3414 3700 3474 in
3741 3413 4060 3478 scribendo

841 3521 919 3583 tis
943 3519 1319 3601 estejusdem
1344 3510 1613 3576 lnstituti
2451 3461 2458 3604 ξ
2506 3510 2920 3582 servavimus,
2952 3510 3136 3570 finem
3172 3508 3456 3587 denique,
3486 3508 3806 3587 (150151101-
3836 3508 4065 3571 111050-

961 3619 1060 3676 24.
1095 3610 1482 3692 Experientia
1510 3553 1773 3688 comper
1758 3604 1902 3674 ’15ι,
1939 3610 2162 3664 rectam
2185 3622 2404 3664 earun—
2451 3609 2458 3694 1
2508 3613 2627 3666 5151·
2659 3613 2914 3685 51155151ς
2952 3595 3231 3665 lectorem
3265 3603 3350 3664 ad
3387 3602 3538 3663 illud
3587 3622 3805 3682 1115551
3807 3602 4064 3663 rendum

839 3710 977 3772 dem
1002 3706 1521 3780 Academiarum,
1570 3711 1631 3763 et
1671 3709 1952 3761 coetuum
2000 3696 2224 3777 percipi
2275 3716 2397 3761 non
2473 3699 2872 3772 invitamuS,
2900 3699 3160 3760 eundem
3188 3705 3249 3758 et
3277 3698 4063 3778 rogamusetobsecramus,

834 3823 1016 3887 posse
1061 3800 1410 3862 methodum
1472 3797 1588 3857 5151
1641 3776 1958 3856 bominum
2004 3811 2119 3852 11151
2123 3812 2173 3853 ,5
2206 3791 2394 3852 veluti
2469 3793 2940 3855 imbecillitatis
2961 3802 3031 3854 ut
3043 3793 3292 3858 nostrae
3319 3792 3614 3853 rationem
3636 3791 3862 3853 habere
3890 3792 4057 3864 velit,

840 3917 1054 3978 sopore
1072 3896 1332 3978 quodam
1357 3895 1637 3972 oppressa
1659 3888 1975 3959 excitetur,
2006 3906 2075 3947 ac
2096 3886 2171 3947 de
2195 3903 2398 3945 neoes-
2508 3909 2615 3950 nec
2645 3889 2829 3949 Nobis
2858 3898 3108 3959 recuset,
3145 3905 3330 3968 quam
3355 3886 3773 3966 imploramus,
3800 3886 4061 4018 benigne

840 3993 1016 4054 sitate
1060 4000 1120 4051 51
1166 3988 1427 4050 utilitate
1477 3983 1812 4046 studiorum
1867 3981 2225 4051 edoceatur,
2287 3999 2398 4058 pro
2507 3984 2747 4045 veniam
2778 3982 3109 4062 impertire.
3855 4011 3858 4012 ⁷

836 4086 1069 4167 quibus
1085 4081 1427 4152 excolendis
1451 4076 1799 4141 Academias
1818 4075 2050 4136 institui
2081 4064 2393 4153 cupimus.
3667 4113 3674 4120 ,

845 4179 925 4239 Ut
969 4178 1046 4239 ad
1074 4179 1252 4240 Sacra
1281 4173 1520 4245 studia,
1557 4181 1614 4231 et
1642 4170 1717 4231 ad
1754 4167 2225 4229 Ecclesiasticam
2257 4186 2399 4227 eru·
2521 4175 2612 4266 ‚a
2978 4170 3232 4231 ΑΡΡΕΝ
3239 4169 3381 4230 mx
3413 4169 3582 4229 xlv

843 4266 1632 4349 ditionemamplcctendam
1660 4262 1812 4325 51105
1838 4261 2308 4342 impelleremus
2333 4260 2404 4321 li·
3574 4309 3600 4332 11
3789 4237 3888 4344 ,113
3955 4285 4022 4328 11,

844 4366 1057 4429 beuter
1077 4365 1218 4426 11551
1243 4362 1498 4425 assiduis
1528 4358 1776 4420 distenti
1803 4357 1990 4429 curis,
2020 4374 2173 4435 quas
2197 4374 2401 4416 secum
2510 4360 2660 4421 Cum
2684 4307 2826 4438 Cap.
2855 4359 2937 4419 ΙΙ.
2972 4359 3108 4419 Lib.
3134 4359 3184 4419 l.
3223 4378 3388 4419 num.
3423 4362 3478 4417 1.
3487 4301 3882 4440 1011555588.
3905 4331 4078 4432 Pon».

2590 4454 2736 4516 tifex
2758 4453 2833 4513 de
2857 4452 3075 4524 Altari,
3101 4472 3281 4532 super
3304 4471 3428 4530 quo
3448 4452 3664 4513 Missae
3684 4450 4060 4516 Sacrificium

2588 4548 2670 4609 511
2709 4547 3158 4627 peragendum,
3204 4543 3478 4607 statuerit
3516 4546 3712 4632 ipsum
3743 4545 3837 4606 vel
3879 4543 4062 4625 Lapi-

2590 4643 2769 4704 deum
2799 4649 2924 4701 esse
2942 4639 3181 4711 debere,
3214 4639 3306 4700 vel
3328 4639 3539 4701 saltem
3566 4638 3746 4701 Sacra
3775 4637 3991 4704 Petra·
3973 4658 4064 4700 15-

2588 4744 2922 4808 structum,
2973 4751 3234 4812 cumque
3279 4751 3410 4811 cap.
3465 4736 3525 4793 4.
3574 4732 3840 4813 ejusdem
3871 4723 4061 4794 Libri

2590 4848 2762 4904 num.
2790 4814 2999 4889 itidem
3041 4831 3093 4887 1.
3142 4825 3400 4888 Calicem
3442 4844 3696 4887 aureum
3738 4827 3818 4888 ad
3846 4828 4067 4890 Missae

2589 4923 2959 4987 Sacrificium
2991 4922 3399 5002 praescribat,
3431 4920 3524 4982 vel
3556 4913 3765 4983 salter'n
3794 4930 4066 5002 argente-

2590 5038 2692 5079 um
2721 5064 2737 5091 ,
2766 5018 2936 5099 cujus
2971 5025 3170 5078 tamen
3198 5035 3392 5098 cuppa
3415 5015 3493 5088 sit
3522 5035 3672 5080 auro
3703 5015 3956 5078 interius
3986 5016 4065 5077 il-

2591 5113 2698 5174 lita
2724 5132 2738 5171 1
2790 5130 2911 5172 505
2937 5112 3018 5172 511
3051 5131 3114 5172 55
3143 5111 3261 5172 erit
3287 5110 3440 5172 illud
3469 5110 3571 5171 hic
3611 5110 3829 5170 afferre
3858 5111 4065 5173 indul-

2591 5217 2744 5279 tum,
2768 5226 2890 5287 quo
2912 5207 2993 5267 ab
3019 5206 3228 5268 eodem
3255 5205 3358 5267 SS.
3388 5202 3678 5272 Pontifiee
3705 5206 4066 5284 permissum

2561 5308 2680 5363 est
2724 5300 3145 5382 Presbyteris
3128 5321 3193 5360 15
3226 5299 3438 5362 Russia
3484 5297 3784 5361 Polonica
3793 5299 4066 5381 degenti-

2591 5396 2727 5467 bus,
2760 5401 2830 5455 ut
2851 5394 3268 5456 Ruthenorum
3300 5394 3615 5458 Unitorum
3637 5392 4062 5467 Antimen'siis,

2595 5496 2652 5550 et
2680 5486 2981 5550 Calicibus
3016 5503 3051 5550 5
3082 5493 3298 5549 stanno
3330 5485 3418 5549 uti
3447 5483 3673 5566 possint
3699 5502 3812 5565 pro
3850 5486 4069 5551 uisne

848 4458 965 4523 fert
1005 4458 1372 4539 amplissima
1416 4455 1571 4516 baec
1582 4450 1899 4524 Dioecesis‚
1948 4446 2217 4512 laborem
2239 4450 2406 4514 hune

836 4555 1106 4634 amplexi
1137 4571 1366 4623 sumus,
1398 4558 1460 4611 et
1482 4549 1558 4611 ad
1580 4547 1763 4608 finem
1792 4544 2210 4626 perduximus.
2245 4545 2402 4608 Con-

848 4641 1094 4711 fidimus
1123 4658 1324 4717 autem
1352 4645 1516 4718 fore,
1549 4652 1616 4704 ut
1641 4641 2009 4723 quicumque
2038 4640 2147 4706 has
2173 4649 2410 4704 nostias

848 4742 1334 4808 elucubrationes
1359 4740 1556 4822 legere
1584 4757 1702 4799 non
1739 4735 2117 4817 gravabitur,
2172 4735 2403 4797 studio·

853 4858 1027 4912 rum,
1080 4850 1237 4919 quae
1287 4854 1467 4915 supra
1518 4829 2153 4909 commemoravimus,
2201 4848 2402 4891 neees-

852 4934 1086 4996 sitatem
1145 4952 1214 5012 ac
1262 4929 1584 4992 utilitatem
1641 4926 1822 5007 plane
1846 4923 2181 5005 intelligat3
2226 4923 2406 5002 plura

850 5029 1022 5091 enim
1048 5027 1167 5088 boc
1206 5027 1269 5088 in
1303 5023 1499 5105 Opere
1539 5021 1785 5083 collecta
1837 5026 2194 5091 occurrent,
2247 5037 2404 5098 quae

856 5121 1105 5184 fortasse
1123 5119 1459 5227 ignorabat,
1486 5122 1544 5176 et
1570 5122 1833 5195 quorum
1852 5112 2260 5193 cognitionem
2285 5110 2402 5173 sibi

856 5235 981 5278 esse
1003 5214 1263 5308 maxime
1292 5205 1681 5272 neeessariam
1718 5226 1840 5269 non
1869 5207 2144 5288 negabit.
2176 5201 2292 5267 llic
2314 5225 2405 5266 er-

856 5309 1218 5393 goestfinis,
1254 5325 1375 5368 non
1403 5303 1763 5390 praecipuus
1792 5310 2014 5373 tamen,
2051 5300 2156 5381 (151
2182 5319 2403 5381 propo-

862 5406 1012 5466 51155
1028 5402 1224 5465 Nobis
1250 5396 1453 5462 511ιῖ5
1489 5397 1602 5459 1105
1620 5415 1801 5477 opere
1829 5393 2180 5457 adornando
2206 5416 2224 5469 ;
2280 5414 2404 5455 505

862 5497 1240 5581 praecipuus,
1266 5494 1538 5575 inquam,
1554 5490 1757 5553 ·nostri
1785 5490 2032 5571 hujusce
2062 5488 2283 5570 Operis
2308 5487 2406 5550 hic

4104 4394 4218 4439 nied
4261 4403 4392 4438 ant-

4103 4455 4205 4496 iadu
4207 4453 4389 4496 lunii·

4101 4509 4391 4555 seb-bettel-

4104 4566 4384 4611 latissao-³·

4104 4623 4386 4684 past-dit.
