4487 6316
1397 783 2727 975 Lssc'roltl.

488 1533 665 1679 En
700 1570 946 1689 hibet,
976 1595 1252 1677 Lector
1287 1587 1669 1683 benevole,
1698 1612 1960 1672 novam
1990 1581 2452 1665 celeberrimi
2484 1587 2864 1667 Pontifieis
2898 1582 3418 1662 BENEDICTI
3445 1583 3638 1661 XIV.

478 1732 871 1810 Tractatus
904 1728 996 1806 de
1029 1727 1429 1825 Soet-ficio
1465 1727 1752 1809 Missae
1775 1717 2195 1802 editionem.
2232 1716 2427 1794 Illud
2459 1736 2568 1795 est
2590 1720 3020 1798 Editoribus
3053 1717 3281 1795 ferme
3305 1719 3639 1795 omnibus

486 1865 563 1938 in
598 1887 802 1939 mom
838 1861 1184 1965 positum,
1218 1872 1309 1937 ut
1340 1856 1585 1959 operis
1616 1851 1818 1963 quod
1856 1849 2089 1927 edunt
2123 1854 2631 1957 praestantiam
2654 1872 2828 1930 ante
2863 1854 3192 1929 Lectoris
3223 1849 3472 1927 oculos
3499 1877 3643 1955 po-

481 2010 687 2087 nant,
724 1994 1085 2097 ipsiusque
1123 1980 1465 2071 Auctoris
1497 1985 1939 2091 Sapientiam
1970 1981 2421 2088 gloriamque
2455 2001 3056 2064 commemorent.
3096 1986 3371 2061 Verum
3394 2010 3527 2059 nos
3545 1982 3640 2058 li-

481 2124 750 2201 benter
786 2124 879 2200 ab
914 2124 1057 2199 hoc
1092 2146 1296 2196 more
1332 2117 1733 2195 recedimus
1758 2171 1781 2209 ,
1813 2138 1984 2191 cum
2033 2116 2194 2191 satis
2240 2113 2382 2219 jam
2431 2119 2833 2195 innotescat
2868 2132 3141 2223 quanta
3192 2118 3397 2221 Opus
3444 2115 3587 2189 hoc
3609 2169 3634 2207 ,

478 2254 683 2360 quod
719 2255 851 2331 tibi
900 2252 1318 2328 exhibemus
1343 2305 1365 2343 ‚
1416 2248 1751 2325 doctrina
1800 2244 2370 2352 eruditioneque
2406 2248 2779 2327 refertum
2812 2253 2901 2326 sit
2928 2305 2950 2343 ‚
3000 2252 3254 2352 suique
3303 2248 3639 2323 Auctoris

479 2403 678 2462 tanta
712 2387 802 2461 sit
828 2384 1052 2476 fama,
1085 2400 1175 2458 ut
1207 2380 1324 2461 vel
1349 2378 1548 2486 apud
1580 2376 2082 2455 Heterodoxos
2114 2404 2417 2456 summas
2445 2378 2693 2458 laudes
2719 2383 3097 2459 meruerit.
3128 2380 3322 2457 Illud
3354 2396 3638 2456 tantum

475 2517 597 2593 hic
634 2534 709 2591 te
753 2515 1054 2591 doctum
1084 2510 1425 2593 *volumus
1446 2569 1471 2604 ,
1504 2509 1711 2615 quod
1742 2513 1819 2584 in
1858 2535 1950 2586 eo
1985 2510 2277 2587 edendo
2311 2515 2814 2616 praestitimus,

624 2645 1044 2722 Editionem
1067 2646 1461 2718 Romanam
1489 2656 1658 2716 anto
1693 2639 1944 2716 oculos
1978 2665 2267 2748 semper
2299 2644 2706 2737 habuimus,
2738 2661 2826 2718 ut
2845 2669 3040 2749 quae
3075 2645 3379 2719 caeteris
3398 2646 3636 2719 omni-

472 2776 610 2852 bus
641 2776 1072 2879 castigatior.
1107 2776 1418 2849 Praeter
1452 2797 1570 2848 eas
1603 2799 1781 2851 vero
1833 2774 2274 2878 appendices
2297 2830 2319 2867 ‚
2354 2800 2542 2878 quae
2590 2779 2667 2850 in
2700 2776 2950 2852 eadem
3002 2768 3370 2850 habentur
3395 2831 3418 2866 ‚
3467 2772 3634 2848 alias

472 2909 685 2981 etiam
738 2904 1125 3009 adjecimus
1176 2929 1268 2978 ex
1315 2901 1639 3007 ejusdem
1685 2902 2058 2980 Pontificis
2105 2907 2454 3011 operibus
2479 2960 2501 2998 ‚
2536 2932 2726 3009 quae
2778 2924 2946 3012 post
2996 2922 3385 2981 tractatum
3434 2905 3634 2980 hunc

472 3036 814 3143 prodiere
842 3090 865 3130 ‚
898 3036 1365 3141 depromptas
1392 3062 1413 3125 ;
1453 3061 1718 3142 nempe
1752 3061 1839 3111 ex
1880 3042 2258 3140 postremis
2290 3038 2526 3112 Libris
2559 3037 2653 3114 de
2688 3037 2995 3142 Synodo
3023 3040 3454 3113 Dioecesana
3480 3094 3503 3129 ‚
3536 3061 3628 3111 ex

471 3172 720 3262 tertio,
756 3186 835 3244 et
868 3184 1140 3273 quarto
1172 3163 1415 3245 Tomo
1447 3166 1748 3243 Bullarii
1782 3184 1923 3242 etc.
1958 3168 2366 3274 Adjecimus
2399 3186 2775 3276 praeterea
2810 3171 3071 3248 Sacrae
3105 3172 3406 3247 Rituum
3427 3172 3628 3245 Con-

462 3305 897 3407 gregationis
929 3305 1237 3377 Decreta
1262 3356 1284 3394 ‚
1311 3299 1404 3376 ad
1452 3300 1792 3376 eumdem
1840 3315 2233 3377 tractatum
2282 3305 2716 3406 spectantia:
2745 3301 3171 3378 Addidimus
3221 3305 3438 3378 etiam
3486 3300 3623 3378 alia

467 3432 819 3537 pleraque
848 3461 871 3526 ‘,
904 3457 1092 3536 quae
1133 3429 1228 3506 ad
1261 3431 1599 3507 eumdem
1635 3448 2024 3510 tractatum
2057 3437 2428 3539 pertinere
2456 3489 2478 3526 ‚
2512 3433 2912 3537 aliquamve
2949 3437 3166 3539 ipsius
3216 3452 3500 3540 partem
3530 3432 3623 3509 il-

464 3563 774 3639 lustrare
801 3566 1271 3667 cognovimus
1299 3617 1321 3655 ‚
1355 3588 1545 3665 quae
1578 3563 1713 3638 tibi
1752 3589 1870 3639 eas
1907 3564 2344 3669 appendices
2377 3563 2832 3668 pervolventi
2866 3563 3076 3639 facile
3110 3580 3529 3640 occurrent.

621 3697 817 3769 Haec
855 3713 928 3768 te
960 3719 1262 3769 monere
1288 3693 1668 3786 voluimus,
1692 3696 1973 3771 Lector
1997 3695 2375 3786 benevole,
2409 3710 2497 3768 ut
2527 3698 2699 3769 scias
2732 3712 3007 3799 quanto
3029 3696 3254 3771 editio
3275 3696 3454 3794 haec
3477 3723 3619 3790 no-

463 3841 610 3899 stra
643 3827 734 3899 sit
767 3828 1072 3899 caeteris
1104 3825 1438 3900 omnibus
1470 3829 2001 3928 praestantior;
2038 3853 2123 3903 ac
2161 3854 2299 3932 pro
2332 3844 2540 3902 certo
2571 3827 2759 3902 habe
2793 3826 3116 3903 eamdem
3148 3854 3282 3904 nos
3305 3886 3330 3921 ,
3362 3854 3507 3931 qua
3541 3829 3618 3905 in

465 3955 606 4028 hoc
641 3981 865 4059 opere
900 3954 1189 4032 edendo
1222 3961 1331 4031 usi
1363 3982 1607 4032 sumus
1632 4012 1654 4049 ,
1693 3983 1947 4033 curam
1973 3975 2054 4033 et
2084 3957 2525 4062 diligentiam
2552 4012 2574 4048 ,
2606 3960 2686 4033 in
2722 3961 3023 4036 caeteris
3067 3963 3282 4036 etiam
3320 3961 3615 4037 BENE-

462 4085 733 4161 DICTI
767 4087 963 4162 XIV.
998 4087 1343 4192 operibus
1375 4088 1672 4165 edendis
1706 4087 1869 4166 fore
1905 4089 2381 4168 adhibituros.
2433 4087 2632 4166 Vale.
