4487 6316
1809 561 1917 614 ΜΒ
1975 559 2041 612 11.
2081 557 2205 616 CM·
2264 561 2444 618 niv.

477 703 983 768 benedictionem.
1020 705 1366 768 Postulabat
1379 704 1706 786 Episcopus
1725 722 1857 765 eam
1888 722 2023 782 mu-

484 798 601 859 tari
652 799 1142 862 consuetudinem
1167 841 1211 873 ,-
1243 788 1421 880 eique
1466 797 1750 862 Canonici
1793 797 2027 878 aliquot

463 894 973 975 suffragabantur.
1008 895 1229 957 Contra
1251 894 1520 956 restitere
1534 894 1655 955 duo
1671 901 1730 954 et
1755 894 2020 973 quadra-

470 989 670 1069 ginta.
704 992 944 1051 Tractat
988 990 1144 1052 banc
1174 989 1654 1051 Controversiam
1697 987 1916 1049 Pontas
1957 986 2021 1047 in

472 1085 805 1146 Dictionar.
837 1092 954 1147 cas.
983 1090 1084 1145 28.
1111 1085 1298 1147 verbo
1326 1083 1513 1146 Missa
1541 1131 1554 1154 ,
1587 1082 1692 1144 ubi
1727 1081 1814 1145 ait
1835 1102 1869 1142 a
1898 1082 2019 1142 Do·-

469 1181 736 1242 ctoribus
757 1179 1120 1260 quibusdam
1149 1178 1491 1242 sorbonicis
1518 1196 1662 1241 ann.
1695 1182 1868 1238 1670.
1895 1195 2020 1237 esse

468 1273 795 1336 discussam
825 1322 838 1345 ,
874 1274 979 1355 qui
1009 1294 1292 1336 censuere
1317 1320 1334 1348 ‚
1367 1295 1505 1336 cum
1551 1273 1614 1333 in
1660 1292 1730 1333 ea
1757 1270 2020 1333 Ecclesia

469 1388 785 1449 nunquam
809 1369 961 1430 ritus
981 1377 1130 1431 aeset
1155 1379 1477 1450 usurpatus
1501 1366 1888 1430 benedicendi
1913 1386 2020 1446 po-

469 1463 614 1544 pulo
654 1464 767 1525 sub
818 1463 1001 1524 finem
1055 1463 1301 1535 Missae,
1360 1463 1513 1524 nibil
1571 1462 2015 1525 innovandum.

472 1559 702 1619 Accura
714 1566 771 1619 te
793 1574 935 1618 vero
964 1557 1047 1618 ibi
1072 1557 1450 1639 explicantur
1476 1555 1858 1617 auctoritates
1876 1574 2019 1615 con-

469 1661 565 1714 tra
587 1651 879 1713 adductae
914 1653 989 1715 ad
1021 1652 1401 1732 probandum
1433 1659 1788 1712 vetustatem
1817 1647 2024 1731 hujus-

472 1745 634 1807 modi
663 1744 816 1807 ritus
841 1745 1226 1807 benedicendi
1251 1744 1473 1826 populo
1516 1745 1630 1806 sub
1660 1744 1844 1805 finem
1875 1742 2023 1803 Mis-

469 1857 604 1912 sae,
635 1839 798 1919 quod
822 1838 1046 1901 scilicet
1089 1859 1209 1900 non
1244 1839 1320 1901 ad
1349 1838 1811 1900 beneditionem·
1837 1833 2023 1916 perti-

474 1943 657 1996 neant
671 1979 688 2007 ,
712 1934 790 1996 de
812 1954 936 2014 qua
957 1938 1119 1995 nunc
1138 1933 1394 2016 agimus,
1425 1933 1529 1994 sed
1548 1932 1626 1996 ad
1647 1930 2020 2003 Orationem,

160 2126 429 2194 Bmsdh?
473 2029 1356 2196 (lutgdsstglsltuzelgzmmuj
1372 2071 1443 2185 et
1462 2122 1527 2183 in
1551 2121 1750 2184 Missis
1770 2139 1882 2202 pro
1903 2121 2021 2182 De-

133 2188 432 2357 ΞΙἫ
472 2219 694 2282 functis
714 2226 847 2299 post
868 2217 1216 2280 Orationem
1237 2220 1478 2297 placeat,
1500 2215 1785 2292 Sacerdos
1798 2234 1861 2276 se
1878 2233 2022 2276 con-

136 2359 387 2459 mzv?
471 2310 2026 2490 22‚⁸3÷,22‘;⁰0?J;2⁸33231“pz‘i-’xxzsa‘ss‘z‘ss

472 2504 615 2587 gelii
634 2549 650 2576 ,
687 2503 1007 2585 signatque
1031 2501 1148 2563 sibi
1196 2501 1455 2564 frontem
1474 2532 1496 2574 ,’
1523 2520 1590 2562 os
1610 2546 1629 2574 ,
1679 2508 1740 2561 et
1785 2499 2021 2579 ρωιάς

475 2597 626 2680 legit
645 2596 1043 2679 Evangelium
1065 2596 1266 2659 Sancti
1276 2595 1547 2668 loannis,
1570 2595 1665 2673 vel
1685 2594 1736 2656 si
1755 2595 2020 2667 Festum,

474 2693 700 2772 dequo
728 2691 799 2753 fit
820 2689 1108 2753 Officium
1128 2735 1146 2764 ,
1193 2691 1368 2752 cadat
1388 2690 1455 2750 in
1481 2688 1856 2751 Dominicam
1884 2733 1901 2760 ,
1947 2687 2028 2749 le-

474 2785 564 2869 git
592 2783 994 2866 *Evangelium
1017 2783 1365 2845 Dominicae
1387 2782 1580 2844 illius.
1609 2783 1671 2844 Si
1695 2802 1840 2844 vero
1869 2781 2027 2863 legat

478 2879 897 2963 Evangelium‘
915 2878 1116 2941 Sancti
1140 2878 1422 2950 loannis,
1452 2878 1529 2939 ad
1552 2877 1660 2940 illa
1686 2878 1896 2949 verba,
1939 2877 2023 2936 Ee

467 2978 846 3038 cerbumcaro
873 2974 1090 3052 factum
1129 2983 1240 3042 est,
1288 2971 1653 3054 genuflectit,
1703 2971 2026 3033 Divinum-

476 3088 597 3151 que
624 3069 898 3131 Verbum
920 3067 1153 3140 adorat,
1203 3067 1366 3148 qnod
1413 3086 1486 3129 eo
1528 3086 1592 3127 se
1634 3066 1910 3139 demisit,
1960 3074 2027 3129 ut

476 3165 808 3227 humanam
851 3168 1092 3227 carnem
1146 3171 1511 3225 assumeret.
1560 3162 1836 3224 Minister
1883 3162 2029 3225 dicit

476 3260 594 3321 Deo
620 3261 853 3338 ·9ratias
879 3304 901 3331 ,
947 3266 1018 3320 ut
1064 3257 1248 3320 Missa
1302 3256 1550 3320 desinat
1579 3257 1643 3318 in
1694 3257 2031 3339 gratiarum

476 3354 805 3416 actionem.
834 3351 1147 3413 Gilbertus
1171 3349 1466 3413 Grimaud
1492 3350 1554 3411 in
1597 3350 1870 3431 Liturgia
1895 3350 2025 3412 Sac.

474 3467 606 3529 par.
654 3452 715 3508 3.
750 3466 884 3527 cap.
923 3451 1018 3508 17.
1058 3446 1251 3508 multa
1292 3444 1563 3527 congerit
1595 3453 1985 3507 monumenta
2009 3489 2027 3518 ,

479 3542 709 3623 quibus
762 3540 1064 3615 ostendit,
1110 3549 1340 3621 quanta
1369 3539 1517 3602 olim
1544 3549 1697 3603 esset
1730 3538 2029 3605 Fidelium

817 5624 1027 5666 sanae.
1068 5624 1180 5666 xiv.
1221 5624 1365 5665 τοι.
1405 5610 1544 5666 vm.

3392 563 3492 613 157

2133 705 2372 769 devotio
2399 717 2541 790 erga
2585 707 2646 769 S.
2701 706 3097 790 Evangelium
3134 705 3205 766 Iu
3242 707 3525 786 principio
3550 749 3565 765 .
3598 704 3672 769 In

2134 800 2446 883 aliquibus
2485 803 2648 865 enim
2691 801 2970 864 Ecclesiis
3013 801 3161 863 olim
3189 800 3501 883 legebatur
3545 809 3677 881 post

3722 724 3964 839 affl&
4087 690 4092 701 '¹

3714 846 3805 896 post
3850 839 4004 898 baptis-

2136 897 2508 976 Baptismum
2560 897 2952 979 parvulorum
2979 943 2995 970 ,
3056 905 3189 978 post
3217 895 3519 958 viaticum
3544 941 3562 970 ,
3618 906 3679 957 et
3717 909 3832 937 Μ·
3854 911 4005 954 :⁶⁸⁰⁸

2135 999 2269 1070 post
2312 1001 2644 1055 extremam
2678 992 3063 1066 Unctionem3
3093 991 3332 1067 ‚fatetur
3375 999 3573 1052 tamen
3615 1010 3679 1052 se

2134 1089 2305 1170 cujus
2331 1089 2502 1170 jussu
2535 1089 2597 1148 in
2625 1087 2747 1149 fine
2774 1088 2988 1149 Missae
3013 1085 3358 1167 *recitetur-1,
3411 1085 3677 1167 reperire

2130 1200 2249 1243 non
2294 1183 2573 1263 potuisse.
2631 1181 2968 1244 Difficultas
3008 1181 3352 1264 hujusmodi
3388 1180 3502 1242 boc
3533 1188 3675 1241 tem-

2129 1295 2275 1355 pore
2299 1276 2468 1338 nulla
2493 1285 2600 1338 est.
2644 1277 2796 1338 Nam
2841 1276 2958 1337 viri
3003 1276 3158 1337 docti
3221 1275 3284 1336 in
3317 1294 3389 1337 eo
3434 1294 3679 1336 consen-

2138 1369 2324 1443 tiunt,
2363 1370 2526 1451 quod
2566 1370 2627 1430 S.
2677 1370 2819 1431 Pius
2860 1370 2936 1430 V.
2988 1369 3304 1443 statuerit,
3354 1377 3424 1430 ut
3460 1369 3522 1429 in
3558 1367 3684 1431 fine

2133 1462 2351 1525 Missae
2382 1464 2781 1546 Evangelium
2825 1465 2885 1525 S.
2938 1465 3188 1526 Joannis
3229 1464 3494 1546 legatur3
3543 1483 3685 1525 cum

2130 1570 2307 1620 antea
2333 1558 2439 1621 alii
2476 1559 2772 1642 legerent,
2803 1559 2907 1621 alii
2943 1560 3331 1633 omitterent,
3365 1568 3434 1621 ut
3462 1559 3685 1640 cuique

2128 1653 2468 1716 collibitum
2484 1663 2664 1716 esset.
2695 1653 2991 1717 Videatur
3017 1655 3193 1718 Card.
3230 1656 3396 1717 Bona
3423 1656 3562 1715 Rer.
3590 1652 3687 1716 Li-

2133 1756 2293 1830 turg.
2329 1726 2438 1809 lib.
2484 1742 2543 1809 2.
2582 1767 2712 1828 cap.
2742 1754 2840 1809 20.
2882 1768 2944 1809 n.
2992 1755 3051 1810 5.
3107 1748 3189 1809 Le
3223 1750 3389 1809 Brun
3438 1755 3584 1809 tom.
3622 1752 3679 1809 1.

2131 1863 2268 1924 pag.
2302 1848 2439 1904 687.
2471 1851 2532 1904 et
2559 1862 2684 1923 seq.
2720 1843 2947 1925 Poug'et
2973 1851 3117 1905 tom.
3144 1848 3202 1903 2.
3236 1862 3372 1924 pag.
3408 1847 3545 1903 890.
3574 1840 3685 1921 qui

2132 1938 2220 2002 ait
2252 1956 2375 1999 non
2405 1936 2522 2019 legi
2551 1937 2732 1999 etiam
2761 1957 2921 1998 nnnc
2949 1958 2986 1999 a
3008 1936 3423 1999 Cartbusianis
3443 1982 3459 2009 ,
3491 1937 3686 2003 Mera-

2133 2042 2230 2094 tus
2264 2040 2411 2094 tom.
2443 2037 2498 2089 1.
2527 2052 2658 2110 par.
2699 2037 2754 2092 1.
2788 2052 2924 2113 pag.
2958 2036 3096 2093 243.
3134 2031 3238 2112 qui
3266 2039 3516 2092 testatur
3540 2051 3675 2112 pag.

2133 2130 2268 2189 244.
2300 2150 2434 2184 cum
2454 2130 2557 2204 qui
2587 2128 2826 2187 Missam
2850 2125 3175 2187 solemnem
3197 2126 3257 2185 in
3276 2123 3505 2186 Sacello
3524 2124 3683 2185 Pon-

2132 2220 2314 2282 tificio
2346 2223 2623 2291 celebrer,
2667 2219 3056 2302 Evangelium
3083 2221 3143 2281 S.
3175 2219 3424 2281 Joannis
3446 2237 3565 2280 non
3588 2238 3684 2280 re-

2131 2315 2351 2376 citare.
2382 2317 2746 2376 Guillelmus
2768 2315 2989 2375 Burius
3012 2313 3076 2374 in
3101 2312 3329 2376 Notitia
3359 2312 3534 2374 Brevi
3571 2313 3688 2374 Ro-

2134 2428 2354 2470 manor.
2390 2408 2653 2491 Pontific.
2686 2410 2762 2470 de
2782 2408 2924 2470 Vita
2942 2408 3002 2468 S.
3028 2408 3118 2468 Pii
3144 2407 3291 2469 haec
3312 2406 3519 2469 scribit
3544 2427 3560 2467 t
3586 2406 3687 2472 Iot-

2133 2515 2218 2564 ter
2251 2505 2374 2565 alia
2406 2505 2697 2565 ordinavit
2738 2505 2804 2562 in
2822 2504 2938 2584 ‘fine
2964 2495 3181 2564 Missae
3202 2522 3240 2562 a
3289 2499 3685 2563 Sacerdotibus

2136 2597 2521 2676 Evanqelium
2557 2595 2624 2658 S.
2656 2596 2902 2658 Ioannis
2933 2598 3119 2677 (quod
3143 2605 3275 2657 ante
3295 2616 3408 2655 non
3428 2615 3502 2656 ex
3522 2615 3686 2656 man·

2132 2691 2266 2752 dato
2284 2691 2421 2751 'hine
2444 2691 2575 2751 inde
2604 2692 2929 2765 dicebatur)
2957 2691 3095 2769 quia
3121 2699 3200 2749 est
3231 2690 3408 2750 &eluti
3434 2702 3689 2769 'compen-

2133 2786 2293 2844 dium
2322 2785 2719 2865 mysteriorum
2765 2785 3177 2864 principalium
3207 2782 3371 2845 Fidei
3419 2793 3644 2844 nostrae
3669 2829 3687 2854 ,

2134 2878 2395 2940 Sanctis.
2436 2876 2761 2951 Trinitatis,
2792 2880 3091 2939 creationis
3121 2878 3322 2936 mundi
3345 2925 3361 2947 ,
3412 2875 3693 2937 lucama-

2137 2975 2306 3033 1iom's
2337 2971 2557 3033 Christi
2578 3022 2594 3044 ,
2628 2993 2770 3052 quae
2788 2974 3089 3054 profitetur
3124 2983 3257 3032 tunc
3285 2971 3560 3033 Sacerdos
3592 2991 3695 3032 suo

2134 3077 2186 3127 et
2212 3068 2382 3127 lolius
2404 3067 2688 3127 Ecclesiae
2710 3069 2931 3126 nomine
2946 3111 2960 3126 .
2997 3066 3150 3128 Sunt
3173 3065 3434 3146 denique
3454 3064 3695 3127 Oratio-

2138 3181 2242 3223 nes
2263 3162 2591 3242 quaedam,
2624 3177 2775 3243 quas
2802 3168 2935 3242 post
2962 3158 3268 3241 expletam
3310 3160 3554 3221 Missam
3579 3158 3688 3222 Sa-

2140 3256 2351 3318 cerdos
2371 3256 2517 3317 dicit
2541 3254 2606 3316 in
2635 3255 2901 3337 gratiaru
2997 3254 3319 3327 actionem,
3354 3252 3514 3315 inter
3541 3270 3694 3332 quas

2141 3357 2314 3412 vetus
2335 3356 2424 3411 est
2450 3348 2635 3411 trium
2664 3274 3303 3432 pueroruzssy'mnus
3332 3345 3650 3407 Benedicile
3672 3391 3694 3422 ,

2141 3452 2209 3506 ut
2229 3450 2434 3506 monet
2455 3442 2632 3534 Card.
2666 3444 2831 3506 Bona
2862 3440 2975 3504 loc.
3007 3439 3110 3504 cit.
3136 3460 3199 3503 n.
3234 3444 3293 3501 6.
3619 3480 3626 3490 -

3318 5601 3387 5651 2³

3718 950 3880 1007 lorum,
3915 960 4009 1012 post

3719 1012 3924 1053 viaticum
3956 1043 3968 1064 ,

3726 1075 3816 1125 post
3871 1077 4005 1111 estre·

3717 1139 3825 1166 uuam
3843 1127 4009 1168 unctio-

3716 1195 3835 1224 nem.
